3718 5360
471 355 541 454 ¹7⁶
801 313 1462 428 n'iiin'nrusnn·
1583 295 1591 306 ’

420 467 751 552 differretionibus
769 463 1081 566 Phiiologicisd.
1101 467 1212 561 1641.
1236 465 1427 545 iilustrare
1448 454 1827 560 cepitJoaiiiieini:

421 598 495 648 ueri
520 567 878 648 ProfessorSoranae
890 570 1106 648 Academia
1123 618 1137 657 ,
1164 565 1227 644 sed
1240 567 1415 644 uixultra
1430 567 1538 641 binas
1549 557 1754 654 adspexere
1769 569 1822 638 su·

424 695 532 788 tem,
558 693 721 786 quarum
739 669 860 764 prima
873 667 1101 748 illustrando
1118 665 1236 744 Floro
1249 667 1321 744 tv.
1335 688 1369 742 2.
1395 665 1487 758 (ubi
1505 659 1553 736 de
1563 657 1710 744 casare
1731 663 1824 742 diffe-

423 771 815 963 mssnsgstiisritglirlsis
833 862 960 940 solent
975 922 984 942 .
1016 883 1048 938 1.
1063 864 1178 948 Liber
1206 863 1254 939 de
1268 861 1356 940 stesso
1371 855 1533 957 Cesatit
1548 814 1819 958 Alexandrini,

423 969 487 1060 oui
503 965 705 1057 Hirtium,
732 987 776 1041 ut
793 965 972 1056 videtur,
1001 963 1120 1040 habet
1148 967 1370 1055 audiorem,
1396 984 1499 1039 certe
1521 962 1689 1040 eundern
1705 969 1767 1060 qui
1786 967 1824 1038 li·

422 1065 533 1140 brum
554 1066 666 1142 vlu.
682 1068 729 1139 de
754 1062 1028 1140 belloGaiiico
1044 1067 1218 1140 addidit.
1245 1086 1279 1137 2.
1307 1062 1371 1139 Da
1398 1058 1486 1136 bessa
1501 1059 1704 1156 Africana,
1732 1065 1823 1162 quod

278 1156 283 1177 ’
421 1189 507 1240 etim
535 1163 634 1263 Jiiba
658 1155 920 1240 Niimidarum
943 1164 1055 1257 Rege
1077 1159 1204 1241 Caesar
1222 1161 1359 1258 gessit,
1384 1158 1475 1235 sidet
1500 1164 1677 1238 oninium
1690 1164 1824 1257 ,iudice

423 1263 585 1358 Lipfio,
611 1260 937 1356 elegantissimus,
962 1284 1081 1360 atque
1096 1265 1155 1336 iiii
1171 1261 1239 1355 ipsi
1260 1263 1325 1358 qui
1352 1257 1588 1354 superiorem
1613 1257 1755 1354 scripsit
1766 1266 1822 1338 rii·

423 1363 625 1438 buendus.
655 1359 772 1436 Plura
797 1384 927 1438 tamen
956 1362 1251 1454 interposatosis
1271 1360 1499 1436 recentioris
1523 1359 1677 1454 vestigia
1702 1363 1741 1438 in
1763 1365 1824 1438 iilo

424 1459 590 1537 visusest
608 1459 674 1534 sibi
688 1485 811 1554 nuper
829 1459 1118 1554 deprehendere
1138 1457 1672 1536 eriidiiiffiiiiusDodivettui
1695 1463 1737 1536 in
1758 1459 1822 1538 diff.

421 1561 469 1636 de
494 1557 602 1658 Juiio
625 1557 775 1650 Celso,
802 1558 886 1634 sesi.
917 1557 1031 1634 vill.
1062 1559 1086 1614 ’¹‘
1114 1561 1221 1650 eujus
1246 1582 1475 1654 argumenta
1494 1553 1743 1636 *confutanda
1768 1557 1823 1634 fibi

423 1657 1019 1835 sumpfitgosslericustomzd.
1041 1657 1141 1734 Bibl.
1155 1659 1291 1735 Seiae.
1319 1677 1444 1753 p.i32.
1469 1653 1542 1754 seq.
1558 1654 1717 1734 Bellum
1735 1655 1821 1734 Afri·

423 1781 563 1834 eanum
617 1753 705 1832 arsat
717 1754 887 1832 confecit
904 1761 951 1832 A.
968 1755 1019 1834 U.
1034 1756 1080 1835 C.
1097 1750 1185 1853 708.
1209 1757 1246 1832 ὅ(
1266 1753 1528 1852 Hispaniense
1543 1773 1632 1852 709.
1659 1755 1713 1834 Er
1726 1777 1756 1854 3.
1770 1757 1823 1832 Li·

423 1857 485 1931 ber
501 1857 547 1930 dr
567 1855 654 1930 bessu
674 1852 902 1952 Hispanienfi
912 1907 927 1949 ,
953 1881 1068 1950 quein
1092 1857 1138 1932 ad
1153 1855 1385 1933 Cornelium
1407 1853 1590 1945 Balbum,
1606 1858 1668 1930 cui
1697 1857 1821 1934 librum

425 1955 599 2032 vittate
616 1958 720 2030 bello
735 1954 892 2030 Gallico
913 1953 1072 2030 Hirtius
1091 1955 1259 2046 dicauit,
1286 1957 1345 2030 vel
1371 1954 1419 2033 ad
1443 1952 1489 2028 C.
1510 1954 1688 2048 Oppium
1717 1951 1820 2032 refert

424 2057 483 2128 uir
506 2054 663 2150 insignis
677 2057 806 2144 judicii
831 2051 882 2126 G.
901 2051 936 2152 J.
955 2051 1131 2128 Vossius.
1160 2057 1213 2129 At
1233 2053 1445 2132 Suetonius
1462 2052 1618 2148 quidem
1639 2052 1689 2128 de
1713 2053 1817 2130 Balbo

423 2153 539 2229 silens
555 2153 825 2243 Alexandrini,
853 2153 981 2248 inquit
1007 2151 1249 2250 Africique&
1271 2147 1521 2250 Hispaniense
1537 2153 1696 2227 incertus
1716 2153 1819 2226 ausiti

424 2247 496 2344 iti.
525 2252 707 2326 Aiii'eni'm
719 2254 873 2348 Oppium
900 2249 978 2345 (a)
1000 2271 1157 2349 putant,
1183 2250 1250 2326 aiii
1264 2249 1460 2342 Hirtium,
1485 2255 1546 2346 qui
1566 2254 1680 2330 etiam
1697 2251 1817 2326 cattia·

424 2350 508 2426 bessi
521 2349 731 2442 naui'fflmum
753 2347 1063 2448 imperftt‘iumquc
1087 2349 1214 2426 librum
1235 2346 1441 2524 supipseuit.
1475 2347 1596 2434 Hune
1622 2351 1763 2438 librum
1782 2351 1820 2426 de

424 2450 530 2526 belio
547 2449 796 2544 Hispaniense
816 2447 1003 2536 (alterius
1018 2501 1031 2541 ‚
1057 2475 1173 2546 quani
1198 2451 1278 2526 duo
1307 2451 1533 2545 uperiores,
1561 2449 1752 2548 rudioris)
1776 2472 1823 2526 io·

424 2571 509 2626 tum
526 2551 685 2626 militari
701 2551 867 2645 quodam
893 2548 928 2622 δε
955 2545 1467 2642 horridoconipositumetse
1484 2551 1610 2642 nuto,
1638 2547 1708 2633 ersi
1735 2551 1820 2626 bene

426 2651 551 2725 larino
564 2701 576 2742 ‚
606 2673 742 2745 prater
758 2645 930 2739 Lipsium
944 2647 995 2722 11.
1022 2669 1083 2726 22.
1099 2651 1335 2742 electorum,
1362 2648 1518 2726 monuit
1539 2647 1733 2748 Josepsius
1751 2650 1823 2725 Sca·

424 2751 523 2845 liger
550 2751 770 2843 prolegom.
793 2748 837 2822 ad
866 2745 1101 2824 Manilium.
1130 2749 1176 2823 A.
1199 2745 1308 2848 Juiio
1331 2745 1449 2827 Celso
1474 2749 1757 2844 interpolatum
1782 2745 1819 2822 ad

425 2847 718 2941 nosperuenisse
749 2846 1159 2940 uiuitisargunientis,
1188 2871 1268 2923 non
1288 2850 1443 2946 aequalis
1458 2850 1643 2922 omnibus
1660 2847 1824 2944 ponderis

425 2944 595 3038 disputat
614 2946 858 3020 DodvueiIus
873 2946 1089 3022 inlaudata
1105 2945 1181 3023 diss.
1197 2943 1360 3026 sessione
1376 2944 1452 3026 xl.
1479 2945 1504 3002 '¹‘
1532 2943 1653 3030 Libet
1681 2947 1726 3026 dt
1745 2944 1820 3026 beist

427 3041 658 3142 Hispanieufi
672 3067 846 3120 extrema
864 3050 1146 3137 partemutiius
1169 3068 1306 3140 extat,
1331 3070 1449 3144 atque
1471 3071 1518 3122 ex
1549 3045 1718 3132 Martini
1741 3071 1823 3145 quo·

426 3169 502 3240 que
518 3143 692 3219 Biadenii
707 3195 720 3236 ,
748 3145 904 3238 Anglici
921 3147 1145 3242 interpretis
1161 3199 1173 3241 ,
1190 3146 1384 3225 sententia
1399 3144 1528 3242 passim
1546 3159 1753 3245 corruptus
1766 3145 1823 3236 esi,

426 3241 463 3316 ἀ
486 3245 649 3333 junioris
663 3245 827 3318 andoris
848 3267 965 3340 quarn
983 3270 1027 3320 ut
1048 3245 1210 3323 Casaris
1232 3269 1406 3342 tempora
1425 3247 1632 3342 attigerit,
1662 3249 1764 3344 quod
1784 3269 1828 3320 ra·

426 3365 518 3419 men
539 3344 727 3418 Suetonio
753 3344 915 3418 minime
938 3343 1091 3438 visum,
1122 3350 1187 3444 qui
1214 3349 1278 3426 alii
1295 3347 1452 3444 quidem
1477 3345 1748 3444 quamCaesari
1775 3341 1826 3418 sed

427 3444 496 3518 urii
511 3464 559 3518 eir
572 3444 653 3530 ejus
665 3437 918 3515 familiaribus
938 3443 1071 3540 Oppio
1101 3448 1158 3521 uel
1177 3446 1314 3522 Hirtio
1336 3446 1528 3524 tributum
1554 3443 1730 3542 scripfit.
1754 3443 1837 3523 Bel-¹

426 3542 508 3615 luin
525 3563 643 3635 porto
659 3537 917 3632 Hispaniense
935 3566 1004 3635 pro
1023 3569 1069 3620 eo
1087 3548 1191 3642 quod
1204 3551 1243 3622 in
1267 3542 1455 3639 Hispania
1472 3545 1618 3638 gestum
1641 3545 1697 3624 esi
1718 3549 1767 3620 ita
1784 3543 1836 3626 diu

425 3644 551 3732 citur,
578 3662 624 3716 ut
640 3641 735 3717 iiber
752 3637 1033 3734 Hispaniensis,
1046 3648 1113 3741 qui
1134 3643 1359 3742 scriptusesi
1375 3647 1414 3720 in
1439 3642 1655 3739 Hispania.
1686 3645 1833 3724 Martia·

426 3741 473 3813 lis
494 3737 637 3832 praesat.
659 3743 745 3817 libri
770 3739 865 3816 xli.
893 3767 957 3816 non
982 3741 1256 3845 Hispaniensem
1266 3744 1396 3820 librum
1420 3749 1633 3838 mittamus,
1654 3741 1728 3840 sed
1752 3735 1833 3838 His·

450 3863 580 3913 atrum.
1019 3873 1029 3883 ·

420 3855 448 3934 Ρ
478 3937 549 4014 vt.
574 3938 855 4037 fragmentum,
882 3967 1055 4023 extrema
1083 3944 1174 4022 belli
1201 3946 1321 4022 ciuilis
1351 3945 1372 4022 a
1401 3939 1541 4022 Cesare
1580 3944 1619 4018 in
1653 3859 1835 4037 Hispanis

426 4035 518 4130 gesti
531 4067 554 4130 ‚¹
571 4036 769 4130 reserent,
797 4041 1115 4142 Jungerniaunus
1138 4046 1239 4121 libro
1263 4046 1309 4121 de
1326 4044 1431 4121 bello
1447 4040 1705 4140 Hispaniensi
1721 4041 1834 4130 subiti

425 4138 480 4249 cit
500 4161 547 4211 eit
569 4137 654 4214 MS.
676 4138 787 4216 Pion
806 4140 955 4220 Petavii
979 4169 1047 4242 per
1060 4144 1247 4245 Jacobuni
1266 4142 1520 4238 Bongarsium
1557 4139 1624 4236 ipsi
1663 4163 1821 4218 commu

427 4259 586 4330 nicato,
616 4237 635 4313 ὲ
663 4263 742 4334 quo
764 4244 881 4318 etiam
898 4243 1076 4320 Graecam
1106 4243 1317 4319 versionem
1344 4243 1535 4320 librorum
1554 4242 1649 4319 vii.
1666 4245 1717 4318 de
1743 4241 1812 4316 beli

424 4331 581 4413 Gallico
606 4339 753 4415 edidit.
781 4341 885 4419 lilud
904 4343 1054 4420 Vossius
1077 4346 1244 4440 petitum
1268 4341 1341 4420 esse
1371 4340 1552 4424 obstruat
1584 4342 1796 4457 &Comme

809 4516 812 4524 .
1689 4463 1803 4518 ratiis-

422 4582 1559 4734 r...

1819 5139 1830 5328 i
