<?xml version="1.0" encoding="UTF-8"?>
<!DOCTYPE html PUBLIC "-//W3C//DTD XHTML 1.0 Transitional//EN"
    "http://www.w3.org/TR/xhtml1/DTD/xhtml1-transitional.dtd">
<html xmlns="http://www.w3.org/1999/xhtml" xml:lang="en" lang="en">
 <head>
  <title>
</title>
<meta http-equiv="Content-Type" content="text/html;charset=utf-8" />
  <meta name='ocr-system' content='tesseract 3.04.00' />
  <meta name='ocr-capabilities' content='ocr_page ocr_carea ocr_par ocr_line ocrx_word'/>
</head>
<body>
  <div class='ocr_page' id='page_1' title='image "./joalbertifabric01fabrgoog_0536.png"; bbox 0 0 3798 5374; ppageno 0'>
   <div class='ocr_carea' id='block_1_1' title="bbox 215 441 1444 542">
    <p class='ocr_par' dir='ltr' id='par_1_1' title="bbox 215 441 1444 542">
     <span class='ocr_line' id='line_1_1' title="bbox 215 441 1444 542; baseline -0.015 -6"><span class='ocrx_word' id='word_1_1' title='bbox 215 445 223 462; x_wconf 48' lang='lat'><em>&#39;⁵</em></span> <span class='ocrx_word' id='word_1_2' title='bbox 298 441 949 536; x_wconf 84' lang='lat' dir='ltr'>INSTITUTIONES.</span> <span class='ocrx_word' id='word_1_3' title='bbox 1003 447 1323 538; x_wconf 78' lang='lat' dir='ltr'><em>Lu.11.c.15.</em></span> <span class='ocrx_word' id='word_1_4' title='bbox 1375 457 1444 542; x_wconf 67' lang='lat'><em>5²5</em></span> 
     </span>
    </p>
   </div>
   <div class='ocr_carea' id='block_1_2' title="bbox 31 569 1499 4356">
    <p class='ocr_par' dir='ltr' id='par_1_2' title="bbox 54 569 1498 3566">
     <span class='ocr_line' id='line_1_2' title="bbox 85 569 1497 680; baseline -0.001 -29"><span class='ocrx_word' id='word_1_5' title='bbox 85 595 126 680; x_wconf 78' lang='lat' dir='ltr'><em>ac</em></span> <span class='ocrx_word' id='word_1_6' title='bbox 147 595 320 654; x_wconf 83' lang='lat' dir='ltr'><em>concretos</em></span> <span class='ocrx_word' id='word_1_7' title='bbox 359 575 483 660; x_wconf 84' lang='lat' dir='ltr'><em>uivere</em></span> <span class='ocrx_word' id='word_1_8' title='bbox 498 579 645 652; x_wconf 84' lang='lat' dir='ltr'><em>crines:</em></span> <span class='ocrx_word' id='word_1_9' title='bbox 675 593 713 650; x_wconf 87' lang='lat' dir='ltr'><em>ut</em></span> <span class='ocrx_word' id='word_1_10' title='bbox 732 571 806 674; x_wconf 90' lang='lat' dir='ltr'><em>ipso</em></span> <span class='ocrx_word' id='word_1_11' title='bbox 831 574 935 654; x_wconf 88' lang='lat' dir='ltr'><em>vultu</em></span> <span class='ocrx_word' id='word_1_12' title='bbox 958 599 1065 678; x_wconf 85' lang='lat' dir='ltr'><em>atque</em></span> <span class='ocrx_word' id='word_1_13' title='bbox 1086 575 1213 656; x_wconf 81' lang='lat' dir='ltr'><em>babitu</em></span> <span class='ocrx_word' id='word_1_14' title='bbox 1232 575 1419 672; x_wconf 82' lang='lat' dir='ltr'><em>sereretur</em></span> <span class='ocrx_word' id='word_1_15' title='bbox 1443 569 1497 650; x_wconf 88' lang='lat' dir='ltr'><em>ad</em></span> 
     </span>
     <span class='ocr_line' id='line_1_3' title="bbox 80 598 1498 776; baseline -0.001 -26"><span class='ocrx_word' id='word_1_16' title='bbox 80 680 293 754; x_wconf 84' lang='lat' dir='ltr'><em>immeritam</em></span> <span class='ocrx_word' id='word_1_17' title='bbox 309 598 524 773; x_wconf 56' lang='lat' dir='ltr'><em>ssntentiam</em></span> <span class='ocrx_word' id='word_1_18' title='bbox 544 671 586 772; x_wconf 90' lang='lat' dir='ltr'><em>se</em></span> <span class='ocrx_word' id='word_1_19' title='bbox 612 678 754 750; x_wconf 87' lang='lat' dir='ltr'><em>vocari.</em></span> <span class='ocrx_word' id='word_1_20' title='bbox 781 672 987 754; x_wconf 85' lang='lat' dir='ltr'><em>Videbatur</em></span> <span class='ocrx_word' id='word_1_21' title='bbox 1012 705 1141 755; x_wconf 87' lang='lat' dir='ltr'><em>manus</em></span> <span class='ocrx_word' id='word_1_22' title='bbox 1166 676 1312 761; x_wconf 82' lang='lat' dir='ltr'><em>tendere</em></span> <span class='ocrx_word' id='word_1_23' title='bbox 1337 727 1349 768; x_wconf 84' lang='lat'>‚</span> <span class='ocrx_word' id='word_1_24' title='bbox 1376 675 1498 776; x_wconf 89' lang='lat' dir='ltr'><em>implo-</em></span> 
     </span>
     <span class='ocr_line' id='line_1_4' title="bbox 80 769 1496 880; baseline 0.004 -33"><span class='ocrx_word' id='word_1_25' title='bbox 80 797 164 850; x_wconf 88' lang='lat' dir='ltr'><em>rare</em></span> <span class='ocrx_word' id='word_1_26' title='bbox 181 773 367 880; x_wconf 63' lang='lat' dir='ltr'><em>Quiritum</em></span> <span class='ocrx_word' id='word_1_27' title='bbox 386 773 533 872; x_wconf 82' lang='lat' dir='ltr'><em>fidem,</em></span> <span class='ocrx_word' id='word_1_28' title='bbox 557 791 595 849; x_wconf 90' lang='lat' dir='ltr'><em>ut</em></span> <span class='ocrx_word' id='word_1_29' title='bbox 614 770 654 870; x_wconf 89' lang='lat' dir='ltr'><em>st</em></span> <span class='ocrx_word' id='word_1_30' title='bbox 675 769 723 848; x_wconf 86' lang='lat' dir='ltr'><em>ab</em></span> <span class='ocrx_word' id='word_1_31' title='bbox 750 777 867 872; x_wconf 90' lang='lat' dir='ltr'><em>iniquo</em></span> <span class='ocrx_word' id='word_1_32' title='bbox 887 777 1012 872; x_wconf 82' lang='lat' dir='ltr'><em>jndice</em></span> <span class='ocrx_word' id='word_1_33' title='bbox 1039 801 1221 855; x_wconf 87' lang='lat' dir='ltr'><em>tuerentur</em></span> <span class='ocrx_word' id='word_1_34' title='bbox 1230 803 1248 874; x_wconf 91' lang='lat'><em>,·</em></span> <span class='ocrx_word' id='word_1_35' title='bbox 1265 769 1439 874; x_wconf 79' lang='lat' dir='ltr'><em>poslulare</em></span> <span class='ocrx_word' id='word_1_36' title='bbox 1454 777 1496 864; x_wconf 65' lang='grc' dir='ltr'><em>ὁ*</em></span> 
     </span>
     <span class='ocr_line' id='line_1_5' title="bbox 66 868 1497 976; baseline 0.001 -28"><span class='ocrx_word' id='word_1_37' title='bbox 66 873 221 969; x_wconf 80' lang='lat' dir='ltr'><em>indigne</em></span> <span class='ocrx_word' id='word_1_38' title='bbox 235 873 338 971; x_wconf 89' lang='lat' dir='ltr'><em>serre</em></span> <span class='ocrx_word' id='word_1_39' title='bbox 360 875 456 976; x_wconf 87' lang='lat' dir='ltr'><em>qnod</em></span> <span class='ocrx_word' id='word_1_40' title='bbox 469 875 530 972; x_wconf 86' lang='lat' dir='ltr'><em>qui</em></span> <span class='ocrx_word' id='word_1_41' title='bbox 555 869 733 971; x_wconf 88' lang='lat' dir='ltr'><em>quondam</em></span> <span class='ocrx_word' id='word_1_42' title='bbox 752 870 822 969; x_wconf 89' lang='lat' dir='ltr'><em>sna</em></span> <span class='ocrx_word' id='word_1_43' title='bbox 857 868 953 974; x_wconf 81' lang='lat' dir='ltr'><em>ope&#39;‚</em></span> <span class='ocrx_word' id='word_1_44' title='bbox 986 874 1057 974; x_wconf 91' lang='lat' dir='ltr'><em>sua</em></span> <span class='ocrx_word' id='word_1_45' title='bbox 1090 876 1288 976; x_wconf 78' lang='lat' dir='ltr'><em>eloquentia</em></span> <span class='ocrx_word' id='word_1_46' title='bbox 1313 877 1497 950; x_wconf 82' lang='lat' dir='ltr'><em>multorum</em></span> 
     </span>
     <span class='ocr_line' id='line_1_6' title="bbox 72 972 1496 1077; baseline -0.001 -29"><span class='ocrx_word' id='word_1_47' title='bbox 72 973 227 1068; x_wconf 88' lang='lat' dir='ltr'><em>salutem</em></span> <span class='ocrx_word' id='word_1_48' title='bbox 264 972 498 1074; x_wconf 71' lang='lat' dir='ltr'><em>conservasset</em></span> <span class='ocrx_word' id='word_1_49' title='bbox 524 1021 537 1066; x_wconf 86' lang='lat'><strong>,</strong></span> <span class='ocrx_word' id='word_1_50' title='bbox 577 999 666 1048; x_wconf 87' lang='lat' dir='ltr'><em>nunc</em></span> <span class='ocrx_word' id='word_1_51' title='bbox 700 999 808 1073; x_wconf 88' lang='lat' dir='ltr'><em>neque</em></span> <span class='ocrx_word' id='word_1_52' title='bbox 830 997 1018 1075; x_wconf 86' lang='lat' dir='ltr'><em>patronum</em></span> <span class='ocrx_word' id='word_1_53' title='bbox 1043 982 1244 1077; x_wconf 79' lang='lat' dir='ltr'><em>quempiam</em></span> <span class='ocrx_word' id='word_1_54' title='bbox 1278 977 1496 1069; x_wconf 75' lang='lat' dir='ltr'><em>inueniret,</em></span> 
     </span>
     <span class='ocr_line' id='line_1_7' title="bbox 75 1068 1496 1176; baseline -0.001 -26"><span class='ocrx_word' id='word_1_55' title='bbox 75 1101 177 1171; x_wconf 85' lang='lat' dir='ltr'><em>quem</em></span> <span class='ocrx_word' id='word_1_56' title='bbox 192 1073 413 1171; x_wconf 71' lang='lat' dir='ltr'><em>misereretur</em></span> <span class='ocrx_word' id='word_1_57' title='bbox 426 1071 656 1168; x_wconf 86' lang='lat' dir='ltr'><em>sortunarum</em></span> <span class='ocrx_word' id='word_1_58' title='bbox 674 1070 844 1170; x_wconf 84' lang='lat' dir='ltr'><em>suarum,</em></span> <span class='ocrx_word' id='word_1_59' title='bbox 859 1101 966 1174; x_wconf 90' lang='lat' dir='ltr'><em>neque</em></span> <span class='ocrx_word' id='word_1_60' title='bbox 980 1083 1041 1176; x_wconf 91' lang='lat' dir='ltr'><em>qui</em></span> <span class='ocrx_word' id='word_1_61' title='bbox 1058 1075 1131 1174; x_wconf 85' lang='lat' dir='ltr'><em>sua</em></span> <span class='ocrx_word' id='word_1_62' title='bbox 1150 1071 1338 1172; x_wconf 76' lang='lat' dir='ltr'><em>consuleret</em></span> <span class='ocrx_word' id='word_1_63' title='bbox 1358 1068 1496 1170; x_wconf 80' lang='lat' dir='ltr'><em>saluti,</em></span> 
     </span>
     <span class='ocr_line' id='line_1_8' title="bbox 76 1167 1495 1276; baseline 0.002 -29"><span class='ocrx_word' id='word_1_64' title='bbox 76 1195 140 1248; x_wconf 89' lang='lat' dir='ltr'><em>ant</em></span> <span class='ocrx_word' id='word_1_65' title='bbox 156 1173 210 1249; x_wconf 87' lang='lat' dir='ltr'><em>ad</em></span> <span class='ocrx_word' id='word_1_66' title='bbox 226 1171 387 1274; x_wconf 78' lang='lat' dir='ltr'><em>insnslum</em></span> <span class='ocrx_word' id='word_1_67' title='bbox 406 1175 489 1270; x_wconf 85' lang='lat' dir='ltr'><em>rapi</em></span> <span class='ocrx_word' id='word_1_68' title='bbox 504 1168 715 1272; x_wconf 80' lang='lat' dir='ltr'><em>supplicium</em></span> <span class='ocrx_word' id='word_1_69' title='bbox 731 1173 954 1272; x_wconf 83' lang='lat' dir='ltr'><em>prohiberet.</em></span> <span class='ocrx_word' id='word_1_70' title='bbox 981 1175 1061 1253; x_wconf 85' lang='lat' dir='ltr'><em>Sed</em></span> <span class='ocrx_word' id='word_1_71' title='bbox 1081 1181 1168 1276; x_wconf 88' lang='lat' dir='ltr'><em>qnia</em></span> <span class='ocrx_word' id='word_1_72' title='bbox 1190 1196 1333 1254; x_wconf 92' lang='lat' dir='ltr'><em>temere·</em></span> <span class='ocrx_word' id='word_1_73' title='bbox 1340 1167 1495 1273; x_wconf 80' lang='lat' dir='ltr'><em>persepe</em></span> 
     </span>
     <span class='ocr_line' id='line_1_9' title="bbox 73 1265 1497 1372; baseline -0.002 -24"><span class='ocrx_word' id='word_1_74' title='bbox 73 1277 267 1369; x_wconf 82' lang='lat' dir='ltr'><em>eveniunt,</em></span> <span class='ocrx_word' id='word_1_75' title='bbox 287 1298 363 1372; x_wconf 86' lang='lat' dir='ltr'><em>qua</em></span> <span class='ocrx_word' id='word_1_76' title='bbox 385 1299 449 1347; x_wconf 87' lang='lat' dir='ltr'><em>non</em></span> <span class='ocrx_word' id='word_1_77' title='bbox 472 1273 615 1349; x_wconf 86' lang='lat' dir='ltr'><em>audeat</em></span> <span class='ocrx_word' id='word_1_78' title='bbox 629 1291 752 1371; x_wconf 91' lang='lat' dir='ltr'><em>optare</em></span> <span class='ocrx_word' id='word_1_79' title='bbox 768 1327 780 1366; x_wconf 93' lang='lat'>,</span> <span class='ocrx_word' id='word_1_80' title='bbox 795 1295 832 1350; x_wconf 89' lang='lat' dir='ltr'><em>ut</em></span> <span class='ocrx_word' id='word_1_81' title='bbox 852 1280 889 1352; x_wconf 89' lang='lat' dir='ltr'><em>in</em></span> <span class='ocrx_word' id='word_1_82' title='bbox 916 1279 966 1352; x_wconf 92' lang='lat' dir='ltr'><em>uit</em></span> <span class='ocrx_word' id='word_1_83' title='bbox 984 1265 1172 1355; x_wconf 75' lang='lat' dir='ltr'><em>Terentius</em></span> <span class='ocrx_word' id='word_1_84' title='bbox 1191 1272 1325 1367; x_wconf 76' lang='lat' dir='ltr'><em>noller,</em></span> <span class='ocrx_word' id='word_1_85' title='bbox 1345 1271 1497 1370; x_wconf 81' lang='lat' dir='ltr'><em>fortuna</em></span> 
     </span>
     <span class='ocr_line' id='line_1_10' title="bbox 72 1303 1495 1471; baseline -0.002 -23"><span class='ocrx_word' id='word_1_86' title='bbox 72 1371 242 1470; x_wconf 80' lang='lat' dir='ltr'><em>quadam</em></span> <span class='ocrx_word' id='word_1_87' title='bbox 257 1371 334 1470; x_wconf 88' lang='lat' dir='ltr'><em>suit</em></span> <span class='ocrx_word' id='word_1_88' title='bbox 355 1399 433 1448; x_wconf 88' lang='lat' dir='ltr'><em>cum</em></span> <span class='ocrx_word' id='word_1_89' title='bbox 447 1367 545 1466; x_wconf 87' lang='lat' dir='ltr'><em>sua,</em></span> <span class='ocrx_word' id='word_1_90' title='bbox 571 1394 645 1448; x_wconf 90' lang='lat' dir='ltr'><em>tum</em></span> <span class='ocrx_word' id='word_1_91' title='bbox 668 1367 827 1448; x_wconf 80' lang='lat' dir='ltr'><em>maxime&#39;</em></span> <span class='ocrx_word' id='word_1_92' title='bbox 840 1303 976 1469; x_wconf 83' lang='lat' dir='ltr'><em>noslra,</em></span> <span class='ocrx_word' id='word_1_93' title='bbox 1003 1395 1040 1452; x_wconf 93' lang='lat' dir='ltr'><em>ut</em></span> <span class='ocrx_word' id='word_1_94' title='bbox 1058 1405 1135 1452; x_wconf 89' lang='lat' dir='ltr'><em>enm</em></span> <span class='ocrx_word' id='word_1_95' title='bbox 1159 1375 1303 1471; x_wconf 82' lang='lat' dir='ltr'><em>essemus</em></span> <span class='ocrx_word' id='word_1_96' title='bbox 1322 1367 1495 1460; x_wconf 85' lang='lat' dir='ltr'><em>Conslan-</em></span> 
     </span>
     <span class='ocr_line' id='line_1_11' title="bbox 69 1468 1496 1574; baseline -0.004 -24"><span class='ocrx_word' id='word_1_97' title='bbox 69 1477 131 1550; x_wconf 80' lang='lat' dir='ltr'><em>tiae</em></span> <span class='ocrx_word' id='word_1_98' title='bbox 158 1469 252 1566; x_wconf 83' lang='lat' dir='ltr'><em>otios</em></span> <span class='ocrx_word' id='word_1_99' title='bbox 278 1525 291 1564; x_wconf 89' lang='lat'>,</span> <span class='ocrx_word' id='word_1_100' title='bbox 316 1469 444 1570; x_wconf 89' lang='lat' dir='ltr'><em>cupido</em></span> <span class='ocrx_word' id='word_1_101' title='bbox 465 1471 643 1564; x_wconf 87' lang='lat' dir='ltr'><em>incesseret</em></span> <span class='ocrx_word' id='word_1_102' title='bbox 662 1468 803 1566; x_wconf 85' lang='lat' dir='ltr'><em>visendi</em></span> <span class='ocrx_word' id='word_1_103' title='bbox 818 1477 894 1570; x_wconf 80' lang='lat' dir='ltr'><em>ejus</em></span> <span class='ocrx_word' id='word_1_104' title='bbox 919 1473 1019 1570; x_wconf 86' lang='lat' dir='ltr'><em>loci,</em></span> <span class='ocrx_word' id='word_1_105' title='bbox 1046 1504 1112 1574; x_wconf 88' lang='lat' dir='ltr'><em>quo</em></span> <span class='ocrx_word' id='word_1_106' title='bbox 1137 1475 1197 1550; x_wconf 90' lang='lat' dir='ltr'><em>ille</em></span> <span class='ocrx_word' id='word_1_107' title='bbox 1224 1470 1381 1568; x_wconf 71' lang='lat' dir='ltr'><em>reclusus</em></span> <span class='ocrx_word' id='word_1_108' title='bbox 1401 1494 1496 1547; x_wconf 80' lang='lat' dir='ltr'><em>tene·</em></span> 
     </span>
     <span class='ocr_line' id='line_1_12' title="bbox 69 1569 1493 1674; baseline -0.001 -28"><span class='ocrx_word' id='word_1_109' title='bbox 69 1571 182 1648; x_wconf 84' lang='lat' dir='ltr'><em>batur</em></span> <span class='ocrx_word' id='word_1_110' title='bbox 207 1626 217 1645; x_wconf 89' lang='lat'><strong>.</strong></span> <span class='ocrx_word' id='word_1_111' title='bbox 250 1569 317 1664; x_wconf 83' lang='lat' dir='ltr'><em>Esl</em></span> <span class='ocrx_word' id='word_1_112' title='bbox 341 1593 462 1648; x_wconf 84' lang='lat' dir='ltr'><em>autem</em></span> <span class='ocrx_word' id='word_1_113' title='bbox 486 1571 762 1650; x_wconf 78' lang='lat' dir='ltr'><em>monasterium</em></span> <span class='ocrx_word' id='word_1_114' title='bbox 787 1574 824 1648; x_wconf 90' lang='lat' dir='ltr'><em>S.</em></span> <span class='ocrx_word' id='word_1_115' title='bbox 853 1575 962 1650; x_wconf 81' lang='lat' dir='ltr'><em>Galli</em></span> <span class='ocrx_word' id='word_1_116' title='bbox 989 1597 1096 1674; x_wconf 90' lang='lat' dir='ltr'><em>prope</em></span> <span class='ocrx_word' id='word_1_117' title='bbox 1118 1574 1237 1652; x_wconf 89' lang='lat' dir='ltr'><em>urbem</em></span> <span class='ocrx_word' id='word_1_118' title='bbox 1262 1573 1354 1650; x_wconf 86' lang='lat' dir='ltr'><em>bane</em></span> <span class='ocrx_word' id='word_1_119' title='bbox 1378 1571 1493 1647; x_wconf 83' lang='lat' dir='ltr'><em>millia</em></span> 
     </span>
     <span class='ocr_line' id='line_1_13' title="bbox 63 1670 1494 1774; baseline 0.001 -28"><span class='ocrx_word' id='word_1_120' title='bbox 63 1671 233 1774; x_wconf 61' lang='lat' dir='ltr'><em>passuum</em></span> <span class='ocrx_word' id='word_1_121' title='bbox 254 1670 351 1750; x_wconf 87' lang='lat' dir='ltr'><em>XX.</em></span> <span class='ocrx_word' id='word_1_122' title='bbox 378 1671 510 1768; x_wconf 84' lang='lat' dir='ltr'><em>Itaque</em></span> <span class='ocrx_word' id='word_1_123' title='bbox 537 1670 688 1748; x_wconf 85' lang='lat' dir='ltr'><em>nonnulli</em></span> <span class='ocrx_word' id='word_1_124' title='bbox 705 1675 816 1748; x_wconf 89' lang='lat' dir='ltr'><em>animi</em></span> <span class='ocrx_word' id='word_1_125' title='bbox 836 1671 993 1751; x_wconf 86' lang='lat' dir='ltr'><em>laxandi</em></span> <span class='ocrx_word' id='word_1_126' title='bbox 1022 1677 1035 1766; x_wconf 76' lang='lat'><em>,⁸</em></span> <span class='ocrx_word' id='word_1_127' title='bbox 1061 1671 1222 1762; x_wconf 72' lang='lat' dir='ltr'><em>&amp;simul</em></span> <span class='ocrx_word' id='word_1_128' title='bbox 1237 1671 1494 1774; x_wconf 83' lang='lat' dir='ltr'><em>perquirendo·</em></span> 
     </span>
     <span class='ocr_line' id='line_1_14' title="bbox 66 1770 1495 1870; baseline 0 -26"><span class='ocrx_word' id='word_1_129' title='bbox 66 1796 150 1848; x_wconf 91' lang='lat' dir='ltr'><em>rum</em></span> <span class='ocrx_word' id='word_1_130' title='bbox 167 1770 360 1864; x_wconf 83' lang='lat' dir='ltr'><em>librorum‘,</em></span> <span class='ocrx_word' id='word_1_131' title='bbox 386 1798 530 1870; x_wconf 85' lang='lat' dir='ltr'><em>qnorum</em></span> <span class='ocrx_word' id='word_1_132' title='bbox 552 1796 701 1866; x_wconf 84' lang='lat' dir='ltr'><em>magnus</em></span> <span class='ocrx_word' id='word_1_133' title='bbox 719 1796 882 1850; x_wconf 84' lang='lat' dir='ltr'><em>numerus</em></span> <span class='ocrx_word' id='word_1_134' title='bbox 906 1773 970 1868; x_wconf 85' lang='lat' dir='ltr'><em>esse</em></span> <span class='ocrx_word' id='word_1_135' title='bbox 989 1772 1207 1868; x_wconf 75' lang='lat' dir='ltr'><em>dicebatur,</em></span> <span class='ocrx_word' id='word_1_136' title='bbox 1228 1778 1402 1870; x_wconf 73' lang='lat' dir='ltr'><em>gratiaco</em></span> <span class='ocrx_word' id='word_1_137' title='bbox 1411 1791 1495 1869; x_wconf 89' lang='lat' dir='ltr'><em>ptr·</em></span> 
     </span>
     <span class='ocr_line' id='line_1_15' title="bbox 66 1866 1494 1974; baseline -0.001 -28"><span class='ocrx_word' id='word_1_138' title='bbox 66 1876 262 1947; x_wconf 80' lang='lat' dir='ltr'><em>reximus.</em></span> <span class='ocrx_word' id='word_1_139' title='bbox 302 1869 362 1947; x_wconf 92' lang='lat' dir='ltr'><em>Ibi</em></span> <span class='ocrx_word' id='word_1_140' title='bbox 379 1877 471 1948; x_wconf 80' lang='lat' dir='ltr'><em>incer</em></span> <span class='ocrx_word' id='word_1_141' title='bbox 497 1867 778 1968; x_wconf 76' lang='lat' dir='ltr'><em>conserttffimam</em></span> <span class='ocrx_word' id='word_1_142' title='bbox 804 1871 969 1949; x_wconf 88' lang='lat' dir='ltr'><em>librorum</em></span> <span class='ocrx_word' id='word_1_143' title='bbox 999 1881 1134 1974; x_wconf 79' lang='lat' dir='ltr'><em>copiam</em></span> <span class='ocrx_word' id='word_1_144' title='bbox 1162 1899 1247 1972; x_wconf 84' lang='lat' dir='ltr'><em>quos</em></span> <span class='ocrx_word' id='word_1_145' title='bbox 1282 1873 1418 1969; x_wconf 88' lang='lat' dir='ltr'><em>longum</em></span> <span class='ocrx_word' id='word_1_146' title='bbox 1442 1866 1494 1965; x_wconf 91' lang='lat' dir='ltr'><em>es·</em></span> 
     </span>
     <span class='ocr_line' id='line_1_16' title="bbox 60 1963 1494 2071; baseline -0.002 -26"><span class='ocrx_word' id='word_1_147' title='bbox 60 1967 120 2066; x_wconf 90' lang='lat' dir='ltr'><em>set</em></span> <span class='ocrx_word' id='word_1_148' title='bbox 139 1966 318 2068; x_wconf 88' lang='lat' dir='ltr'><em>recensere</em></span> <span class='ocrx_word' id='word_1_149' title='bbox 331 2023 346 2063; x_wconf 90' lang='lat'>,</span> <span class='ocrx_word' id='word_1_150' title='bbox 372 1973 665 2070; x_wconf 73' lang='lat' dir='ltr'><em>Quintilianum</em></span> <span class='ocrx_word' id='word_1_151' title='bbox 682 1969 763 2068; x_wconf 81' lang='lat' dir='ltr'><em>(a)</em></span> <span class='ocrx_word' id='word_1_152' title='bbox 788 1963 1016 2071; x_wconf 79' lang='lat' dir='ltr'><em>iampere&#39;mus</em></span> <span class='ocrx_word' id='word_1_153' title='bbox 1028 2028 1045 2067; x_wconf 80' lang='lat'><em>,</em></span> <span class='ocrx_word' id='word_1_154' title='bbox 1070 1973 1190 2050; x_wconf 89' lang='lat' dir='ltr'><em>adbuc</em></span> <span class='ocrx_word' id='word_1_155' title='bbox 1210 1969 1356 2068; x_wconf 89' lang='lat' dir='ltr'><em>salvum</em></span> <span class='ocrx_word' id='word_1_156' title='bbox 1383 1971 1424 2053; x_wconf 70' lang='lat' dir='ltr'><em>ld</em></span> <span class='ocrx_word' id='word_1_157' title='bbox 1442 1973 1494 2044; x_wconf 82' lang='lat' dir='ltr'><em>in·</em></span> 
     </span>
     <span class='ocr_line' id='line_1_17' title="bbox 62 2066 1494 2174; baseline -0.001 -28"><span class='ocrx_word' id='word_1_158' title='bbox 62 2069 270 2165; x_wconf 83' lang='lat' dir='ltr'><em>columem&#39;,</em></span> <span class='ocrx_word' id='word_1_159' title='bbox 304 2070 447 2168; x_wconf 84' lang='lat' dir='ltr'><em>plenum</em></span> <span class='ocrx_word' id='word_1_160' title='bbox 470 2089 589 2147; x_wconf 84' lang='lat' dir='ltr'><em>temen</em></span> <span class='ocrx_word' id='word_1_161' title='bbox 602 2066 672 2163; x_wconf 78' lang='lat' dir='ltr'><em>stu</em></span> <span class='ocrx_word' id='word_1_162' title='bbox 696 2122 708 2163; x_wconf 91' lang='lat'><strong><em>,</em></strong></span> <span class='ocrx_word' id='word_1_163' title='bbox 743 2072 784 2156; x_wconf 63' lang='lat' dir='ltr'><em>si</em></span> <span class='ocrx_word' id='word_1_164' title='bbox 798 2072 946 2168; x_wconf 85' lang='lat' dir='ltr'><em>pulvere</em></span> <span class='ocrx_word' id='word_1_165' title='bbox 975 2074 1050 2169; x_wconf 84' lang='lat' dir='ltr'><em>(b)</em></span> <span class='ocrx_word' id='word_1_166' title='bbox 1072 2069 1293 2174; x_wconf 76' lang='lat' dir='ltr'><em>squalentem</em></span> <span class='ocrx_word' id='word_1_167' title='bbox 1320 2126 1329 2146; x_wconf 87' lang='lat'><strong>.</strong></span> <span class='ocrx_word' id='word_1_168' title='bbox 1370 2067 1494 2144; x_wconf 84' lang='lat' dir='ltr'><em>Erant</em></span> 
     </span>
     <span class='ocr_line' id='line_1_18' title="bbox 64 2167 1495 2271; baseline -0.002 -25"><span class='ocrx_word' id='word_1_169' title='bbox 64 2174 162 2246; x_wconf 88' lang='lat' dir='ltr'><em>tnim</em></span> <span class='ocrx_word' id='word_1_170' title='bbox 181 2192 246 2248; x_wconf 88' lang='lat' dir='ltr'><em>non</em></span> <span class='ocrx_word' id='word_1_171' title='bbox 267 2172 303 2246; x_wconf 92' lang='lat' dir='ltr'><em>in</em></span> <span class='ocrx_word' id='word_1_172' title='bbox 331 2170 541 2248; x_wconf 74' lang='lat' dir='ltr'><em>bibliotheca</em></span> <span class='ocrx_word' id='word_1_173' title='bbox 567 2168 651 2246; x_wconf 91' lang='lat' dir='ltr'><em>libri</em></span> <span class='ocrx_word' id='word_1_174' title='bbox 671 2168 726 2244; x_wconf 92' lang='lat' dir='ltr'><em>illi</em></span> <span class='ocrx_word' id='word_1_175' title='bbox 749 2219 762 2262; x_wconf 89' lang='lat'><strong><em>,</em></strong></span> <span class='ocrx_word' id='word_1_176' title='bbox 787 2191 825 2246; x_wconf 91' lang='lat' dir='ltr'><em>ut</em></span> <span class='ocrx_word' id='word_1_177' title='bbox 849 2199 964 2248; x_wconf 89' lang='lat' dir='ltr'><em>eorum</em></span> <span class='ocrx_word' id='word_1_178' title='bbox 981 2169 1366 2271; x_wconf 78' lang='lat' dir='ltr'><em>dignitas-posidebat</em></span> <span class='ocrx_word' id='word_1_179' title='bbox 1391 2218 1404 2262; x_wconf 83' lang='lat'><strong>,</strong></span> <span class='ocrx_word' id='word_1_180' title='bbox 1425 2167 1495 2265; x_wconf 92' lang='lat' dir='ltr'><em>sed</em></span> 
     </span>
     <span class='ocr_line' id='line_1_19' title="bbox 63 2264 1493 2370; baseline 0.001 -26"><span class='ocrx_word' id='word_1_181' title='bbox 63 2273 101 2344; x_wconf 88' lang='lat' dir='ltr'><em>in</em></span> <span class='ocrx_word' id='word_1_182' title='bbox 124 2275 307 2348; x_wconf 88' lang='lat' dir='ltr'><em>teterrimo</em></span> <span class='ocrx_word' id='word_1_183' title='bbox 323 2269 536 2370; x_wconf 73' lang='lat' dir='ltr'><em>quodam&amp;</em></span> <span class='ocrx_word' id='word_1_184' title='bbox 564 2265 702 2365; x_wconf 89' lang='lat' dir='ltr'><em>obscuro</em></span> <span class='ocrx_word' id='word_1_185' title='bbox 723 2294 864 2346; x_wconf 88' lang='lat' dir='ltr'><em>carcerc</em></span> <span class='ocrx_word' id='word_1_186' title='bbox 890 2323 903 2364; x_wconf 87' lang='lat'><em>,</em></span> <span class='ocrx_word' id='word_1_187' title='bbox 924 2270 1041 2367; x_wconf 87' lang='lat' dir='ltr'><em>sando</em></span> <span class='ocrx_word' id='word_1_188' title='bbox 1065 2264 1200 2367; x_wconf 86' lang='lat' dir='ltr'><em>scilieet</em></span> <span class='ocrx_word' id='word_1_189' title='bbox 1223 2275 1328 2347; x_wconf 89' lang='lat' dir='ltr'><em>unius</em></span> <span class='ocrx_word' id='word_1_190' title='bbox 1352 2274 1493 2362; x_wconf 87' lang='lat' dir='ltr'><em>turris,</em></span> 
     </span>
     <span class='ocr_line' id='line_1_20' title="bbox 63 2368 1494 2470; baseline -0.001 -25"><span class='ocrx_word' id='word_1_191' title='bbox 63 2397 131 2468; x_wconf 86' lang='lat' dir='ltr'><em>quo</em></span> <span class='ocrx_word' id='word_1_192' title='bbox 160 2369 234 2466; x_wconf 89' lang='lat' dir='ltr'><em>(c)</em></span> <span class='ocrx_word' id='word_1_193' title='bbox 260 2397 322 2447; x_wconf 90' lang='lat' dir='ltr'><em>nec</em></span> <span class='ocrx_word' id='word_1_194' title='bbox 341 2369 514 2470; x_wconf 79' lang='lat' dir='ltr'><em>capitalis</em></span> <span class='ocrx_word' id='word_1_195' title='bbox 533 2368 745 2466; x_wconf 83' lang='lat' dir='ltr'><em>quidemrei</em></span> <span class='ocrx_word' id='word_1_196' title='bbox 771 2368 939 2446; x_wconf 86' lang='lat' dir='ltr'><em>damnati</em></span> <span class='ocrx_word' id='word_1_197' title='bbox 960 2369 1262 2449; x_wconf 81' lang='lat' dir='ltr'><em>detruderentur.</em></span> <span class='ocrx_word' id='word_1_198' title='bbox 1289 2369 1407 2468; x_wconf 82' lang='lat' dir='ltr'><em>Atqui</em></span> <span class='ocrx_word' id='word_1_199' title='bbox 1435 2393 1494 2464; x_wconf 77' lang='lat' dir='ltr'><em>ego</em></span> 
     </span>
     <span class='ocr_line' id='line_1_21' title="bbox 58 2465 1493 2569; baseline -0.003 -23"><span class='ocrx_word' id='word_1_200' title='bbox 58 2490 124 2568; x_wconf 89' lang='lat' dir='ltr'><em>pro</em></span> <span class='ocrx_word' id='word_1_201' title='bbox 144 2487 242 2546; x_wconf 82' lang='lat' dir='ltr'><em>cetto</em></span> <span class='ocrx_word' id='word_1_202' title='bbox 261 2465 440 2567; x_wconf 63' lang='lat' dir='ltr'><em>existimo,</em></span> <span class='ocrx_word' id='word_1_203' title='bbox 460 2467 492 2563; x_wconf 78' lang='lat' dir='ltr'><em>fi</em></span> <span class='ocrx_word' id='word_1_204' title='bbox 514 2469 620 2565; x_wconf 81' lang='lat' dir='ltr'><em>essent</em></span> <span class='ocrx_word' id='word_1_205' title='bbox 646 2475 708 2568; x_wconf 90' lang='lat' dir='ltr'><em>qui</em></span> <span class='ocrx_word' id='word_1_206' title='bbox 730 2467 1042 2547; x_wconf 69' lang='lat' dir='ltr'><em>bethamnaram</em></span> <span class='ocrx_word' id='word_1_207' title='bbox 1060 2466 1262 2569; x_wconf 82' lang='lat' dir='ltr'><em>ergaslula,</em></span> <span class='ocrx_word' id='word_1_208' title='bbox 1288 2469 1493 2569; x_wconf 79' lang='lat' dir='ltr'><em>quibusbos¹</em></span> 
     </span>
     <span class='ocr_line' id='line_1_22' title="bbox 58 2563 1495 2668; baseline -0.001 -24"><span class='ocrx_word' id='word_1_209' title='bbox 58 2569 227 2646; x_wconf 88' lang='lat' dir='ltr'><em>detinem</em></span> <span class='ocrx_word' id='word_1_210' title='bbox 246 2576 381 2665; x_wconf 71' lang='lat' dir='ltr'><em>uiros,</em></span> <span class='ocrx_word' id='word_1_211' title='bbox 417 2577 695 2646; x_wconf 79' lang='lat' dir='ltr'><em>r&#39;marenturac</em></span> <span class='ocrx_word' id='word_1_212' title='bbox 721 2567 957 2665; x_wconf 84' lang='lat' dir='ltr'><em>cognoscerent</em></span> <span class='ocrx_word' id='word_1_213' title='bbox 979 2597 1069 2648; x_wconf 90' lang='lat' dir='ltr'><em>more</em></span> <span class='ocrx_word' id='word_1_214' title='bbox 1105 2574 1275 2668; x_wconf 78' lang='lat' dir='ltr'><em>majorum</em></span> <span class='ocrx_word' id='word_1_215' title='bbox 1297 2621 1310 2663; x_wconf 91' lang='lat'>‚</span> <span class='ocrx_word' id='word_1_216' title='bbox 1342 2563 1495 2661; x_wconf 78' lang='lat' dir='ltr'><em>smilem</em></span> 
     </span>
     <span class='ocr_line' id='line_1_23' title="bbox 54 2601 1494 2769; baseline -0.003 -23"><span class='ocrx_word' id='word_1_217' title='bbox 54 2667 246 2764; x_wconf 79' lang='lat' dir='ltr'><em>fortunam</em></span> <span class='ocrx_word' id='word_1_218' title='bbox 267 2601 475 2768; x_wconf 76' lang='lat' dir='ltr'><em>erpertnrbt</em></span> <span class='ocrx_word' id='word_1_219' title='bbox 496 2675 532 2749; x_wconf 89' lang='lat' dir='ltr'><em>in</em></span> <span class='ocrx_word' id='word_1_220' title='bbox 550 2671 695 2761; x_wconf 84' lang='lat' dir='ltr'><em>multis,</em></span> <span class='ocrx_word' id='word_1_221' title='bbox 720 2668 911 2768; x_wconf 84' lang='lat' dir='ltr'><em>dequibus</em></span> <span class='ocrx_word' id='word_1_222' title='bbox 928 2673 1010 2769; x_wconf 75' lang='lat' dir='ltr'><em>jam</em></span> <span class='ocrx_word' id='word_1_223' title='bbox 1038 2667 1082 2762; x_wconf 86' lang='lat' dir='ltr'><em>esl</em></span> <span class='ocrx_word' id='word_1_224' title='bbox 1103 2669 1358 2746; x_wconf 83' lang='lat' dir='ltr'><em>conclamatum</em></span> <span class='ocrx_word' id='word_1_225' title='bbox 1379 2705 1390 2747; x_wconf 83' lang='lat'><em>.-</em></span> <span class='ocrx_word' id='word_1_226' title='bbox 1418 2667 1494 2744; x_wconf 88' lang='lat' dir='ltr'><em>Re·</em></span> 
     </span>
     <span class='ocr_line' id='line_1_24' title="bbox 54 2755 1492 2869; baseline -0.002 -25"><span class='ocrx_word' id='word_1_227' title='bbox 54 2777 224 2864; x_wconf 83' lang='lat' dir='ltr'><em>perimut</em></span> <span class='ocrx_word' id='word_1_228' title='bbox 245 2784 417 2869; x_wconf 78' lang='lat' dir='ltr'><em>praterea</em></span> <span class='ocrx_word' id='word_1_229' title='bbox 434 2755 543 2850; x_wconf 85' lang='lat' dir='ltr'><em>libror</em></span> <span class='ocrx_word' id='word_1_230' title='bbox 565 2792 640 2850; x_wconf 84' lang='lat' dir='ltr'><em>tres</em></span> <span class='ocrx_word' id='word_1_231' title='bbox 659 2773 794 2868; x_wconf 85' lang='lat' dir='ltr'><em>primos</em></span> <span class='ocrx_word' id='word_1_232' title='bbox 822 2773 862 2858; x_wconf 67' lang='lat'><em>(5</em></span> <span class='ocrx_word' id='word_1_233' title='bbox 882 2769 1118 2848; x_wconf 86' lang='lat' dir='ltr'><em>dimidiatum</em></span> <span class='ocrx_word' id='word_1_234' title='bbox 1136 2773 1259 2869; x_wconf 87' lang='lat' dir='ltr'><em>quarti</em></span> <span class='ocrx_word' id='word_1_235' title='bbox 1278 2769 1322 2847; x_wconf 88' lang='lat' dir='ltr'><em>C.</em></span> <span class='ocrx_word' id='word_1_236' title='bbox 1341 2768 1492 2844; x_wconf 82' lang='lat' dir='ltr'><em>Valerii</em></span> 
     </span>
     <span class='ocr_line' id='line_1_25' title="bbox 58 2861 1493 2982; baseline -0.003 -36"><span class='ocrx_word' id='word_1_237' title='bbox 58 2869 195 2947; x_wconf 80' lang='lat' dir='ltr'><em>Flacci</em></span> <span class='ocrx_word' id='word_1_238' title='bbox 217 2874 550 2982; x_wconf 57' lang='lat' dir='ltr'><em>Argonauticon,</em></span> <span class='ocrx_word' id='word_1_239' title='bbox 575 2875 615 2956; x_wconf 64' lang='grc' dir='ltr'><em>ὁ·</em></span> <span class='ocrx_word' id='word_1_240' title='bbox 638 2868 863 2965; x_wconf 79' lang='lat' dir='ltr'><em>expostiones</em></span> <span class='ocrx_word' id='word_1_241' title='bbox 885 2891 949 2946; x_wconf 89' lang='lat' dir='ltr'><em>tan</em></span> <span class='ocrx_word' id='word_1_242' title='bbox 974 2899 1057 2946; x_wconf 90' lang='lat' dir='ltr'><em>uam</em></span> <span class='ocrx_word' id='word_1_243' title='bbox 1082 2869 1202 2948; x_wconf 89' lang='lat' dir='ltr'><em>tbema</em></span> <span class='ocrx_word' id='word_1_244' title='bbox 1227 2867 1411 2970; x_wconf 82' lang='lat' dir='ltr'><em>quoddam</em></span> <span class='ocrx_word' id='word_1_245' title='bbox 1431 2861 1493 2962; x_wconf 91' lang='lat' dir='ltr'><em>su·</em></span> 
     </span>
     <span class='ocr_line' id='line_1_26' title="bbox 56 2900 1494 3068; baseline -0.003 -24"><span class='ocrx_word' id='word_1_246' title='bbox 56 2989 123 3066; x_wconf 84' lang='lat' dir='ltr'><em>per</em></span> <span class='ocrx_word' id='word_1_247' title='bbox 148 2970 434 3050; x_wconf 79' lang='lat' dir='ltr'><em>ollo&#39;Ciceronis</em></span> <span class='ocrx_word' id='word_1_248' title='bbox 463 2969 698 3062; x_wconf 76' lang='lat' dir='ltr'><em>Orationibus</em></span> <span class='ocrx_word' id='word_1_249' title='bbox 714 2970 934 3068; x_wconf 71' lang='lat' dir='ltr'><em>QAsconti</em></span> <span class='ocrx_word' id='word_1_250' title='bbox 949 2900 1143 3064; x_wconf 75' lang='lat' dir='ltr'><em>l&#39;edinni,</em></span> <span class='ocrx_word' id='word_1_251' title='bbox 1169 2965 1494 3068; x_wconf 69' lang='lat' dir='ltr'><em>eloquentistmivin</em></span> 
     </span>
     <span class='ocr_line' id='line_1_27' title="bbox 56 3063 1494 3174; baseline -0.001 -32"><span class='ocrx_word' id='word_1_252' title='bbox 56 3076 121 3163; x_wconf 86' lang='lat' dir='ltr'><em>ri,</em></span> <span class='ocrx_word' id='word_1_253' title='bbox 150 3068 201 3144; x_wconf 88' lang='lat' dir='ltr'><em>de</em></span> <span class='ocrx_word' id='word_1_254' title='bbox 223 3067 350 3165; x_wconf 82' lang='lat' dir='ltr'><em>quibus</em></span> <span class='ocrx_word' id='word_1_255' title='bbox 368 3065 442 3170; x_wconf 84' lang='lat' dir='ltr'><em>ipse</em></span> <span class='ocrx_word' id='word_1_256' title='bbox 467 3071 623 3171; x_wconf 77' lang='lat' dir='ltr'><em>meminit</em></span> <span class='ocrx_word' id='word_1_257' title='bbox 647 3067 899 3174; x_wconf 69' lang='lat' dir='ltr'><em>Quintilianus</em></span> <span class='ocrx_word' id='word_1_258' title='bbox 923 3127 931 3144; x_wconf 88' lang='lat'><strong>.</strong></span> <span class='ocrx_word' id='word_1_259' title='bbox 959 3069 1048 3146; x_wconf 82' lang='lat' dir='ltr'><em>Hac</em></span> <span class='ocrx_word' id='word_1_260' title='bbox 1067 3097 1144 3145; x_wconf 89' lang='lat' dir='ltr'><em>mea</em></span> <span class='ocrx_word' id='word_1_261' title='bbox 1165 3094 1272 3146; x_wconf 88' lang='lat' dir='ltr'><em>mann</em></span> <span class='ocrx_word' id='word_1_262' title='bbox 1288 3063 1494 3163; x_wconf 82' lang='lat' dir='ltr'><em>transcripsi</em></span> 
     </span>
     <span class='ocr_line' id='line_1_28' title="bbox 56 3165 1495 3267; baseline -0.004 -22"><span class='ocrx_word' id='word_1_263' title='bbox 56 3171 97 3256; x_wconf 56' lang='grc' dir='ltr'><em>(θ’</em></span> <span class='ocrx_word' id='word_1_264' title='bbox 129 3165 281 3267; x_wconf 86' lang='lat' dir='ltr'><em>quidem</em></span> <span class='ocrx_word' id='word_1_265' title='bbox 304 3168 470 3251; x_wconf 81' lang='lat' dir='ltr'><em>velociter</em></span> <span class='ocrx_word' id='word_1_266' title='bbox 492 3221 506 3262; x_wconf 88' lang='lat'>,</span> <span class='ocrx_word' id='word_1_267' title='bbox 539 3176 579 3249; x_wconf 81' lang='lat' dir='ltr'><em>itt</em></span> <span class='ocrx_word' id='word_1_268' title='bbox 596 3195 641 3247; x_wconf 90' lang='lat' dir='ltr'><em>eu</em></span> <span class='ocrx_word' id='word_1_269' title='bbox 663 3173 841 3244; x_wconf 79' lang='lat' dir='ltr'><em>mitterem</em></span> <span class='ocrx_word' id='word_1_270' title='bbox 860 3168 914 3242; x_wconf 89' lang='lat' dir='ltr'><em>ad</em></span> <span class='ocrx_word' id='word_1_271' title='bbox 934 3165 1166 3244; x_wconf 85' lang='lat' dir='ltr'><em>Leonardum</em></span> <span class='ocrx_word' id='word_1_272' title='bbox 1194 3166 1384 3242; x_wconf 87' lang='lat' dir='ltr'><em>Aretinum</em></span> <span class='ocrx_word' id='word_1_273' title='bbox 1406 3215 1419 3256; x_wconf 87' lang='lat'><em>,</em></span> <span class='ocrx_word' id='word_1_274' title='bbox 1452 3165 1495 3249; x_wconf 57' lang='grc' dir='ltr'><em>(θ’</em></span> 
     </span>
     <span class='ocr_line' id='line_1_29' title="bbox 54 3259 1495 3373; baseline -0.005 -29"><span class='ocrx_word' id='word_1_275' title='bbox 54 3267 262 3344; x_wconf 67' lang='lat' dir='ltr'><em>Nicolaum</em></span> <span class='ocrx_word' id='word_1_276' title='bbox 282 3267 527 3348; x_wconf 86' lang='lat' dir='ltr'><em>Florentinum</em></span> <span class='ocrx_word' id='word_1_277' title='bbox 555 3267 665 3370; x_wconf 89' lang='lat' dir='ltr'><em>(d).</em></span> <span class='ocrx_word' id='word_1_278' title='bbox 692 3262 851 3360; x_wconf 69' lang='lat' dir='ltr'><em>Habet,</em></span> <span class='ocrx_word' id='word_1_279' title='bbox 876 3270 924 3340; x_wconf 89' lang='lat' dir='ltr'><em>mi</em></span> <span class='ocrx_word' id='word_1_280' title='bbox 939 3263 1140 3373; x_wconf 73' lang='lat' dir='ltr'><em>snautstme</em></span> <span class='ocrx_word' id='word_1_281' title='bbox 1165 3259 1363 3357; x_wconf 52' lang='lat' dir='ltr'><em>Guorlneg</em></span> <span class='ocrx_word' id='word_1_282' title='bbox 1398 3259 1495 3360; x_wconf 79' lang='lat' dir='ltr'><em>quoti</em></span> 
     </span>
     <span class='ocr_line' id='line_1_30' title="bbox 58 3359 1494 3466; baseline -0.007 -20"><span class='ocrx_word' id='word_1_283' title='bbox 58 3370 109 3446; x_wconf 89' lang='lat' dir='ltr'><em>ab</em></span> <span class='ocrx_word' id='word_1_284' title='bbox 131 3367 272 3442; x_wconf 88' lang='lat' dir='ltr'><em>bomine</em></span> <span class='ocrx_word' id='word_1_285' title='bbox 299 3366 365 3443; x_wconf 89' lang='lat' dir='ltr'><em>tibi</em></span> <span class='ocrx_word' id='word_1_286' title='bbox 386 3365 597 3464; x_wconf 75' lang='lat' dir='ltr'><em>deditissimo</em></span> <span class='ocrx_word' id='word_1_287' title='bbox 616 3367 670 3445; x_wconf 89' lang='lat' dir='ltr'><em>ad</em></span> <span class='ocrx_word' id='word_1_288' title='bbox 690 3363 842 3466; x_wconf 79' lang='lat' dir='ltr'><em>presens</em></span> <span class='ocrx_word' id='word_1_289' title='bbox 870 3365 980 3444; x_wconf 89' lang='lat' dir='ltr'><em>tribui</em></span> <span class='ocrx_word' id='word_1_290' title='bbox 1026 3363 1131 3458; x_wconf 86' lang='lat' dir='ltr'><em>otesl.</em></span> <span class='ocrx_word' id='word_1_291' title='bbox 1156 3363 1295 3446; x_wconf 83' lang='lat' dir='ltr'><em>Vellem</em></span> <span class='ocrx_word' id='word_1_292' title='bbox 1312 3359 1494 3462; x_wconf 81' lang='lat' dir='ltr'><em>potuissent</em></span> 
     </span>
     <span class='ocr_line' id='line_1_31' title="bbox 56 3389 1494 3566; baseline -0.01 -19"><span class='ocrx_word' id='word_1_293' title='bbox 56 3477 181 3547; x_wconf 89' lang='lat' dir='ltr'><em>etiam</em></span> <span class='ocrx_word' id='word_1_294' title='bbox 205 3463 334 3544; x_wconf 87' lang='lat' dir='ltr'><em>librum</em></span> <span class='ocrx_word' id='word_1_295' title='bbox 356 3463 596 3561; x_wconf 79' lang='lat' dir='ltr'><em>transmittere</em></span> <span class='ocrx_word' id='word_1_296' title='bbox 606 3496 623 3564; x_wconf 70' lang='grc' dir='ltr'><strong><em>ς</em></strong></span> <span class='ocrx_word' id='word_1_297' title='bbox 644 3463 715 3566; x_wconf 89' lang='lat' dir='ltr'><em>scd</em></span> <span class='ocrx_word' id='word_1_298' title='bbox 729 3467 923 3544; x_wconf 84' lang='lat' dir='ltr'><em>Leonardo</em></span> <span class='ocrx_word' id='word_1_299' title='bbox 947 3389 1053 3560; x_wconf 79' lang='lat' dir='ltr'><em>noslro</em></span> <span class='ocrx_word' id='word_1_300' title='bbox 1058 3466 1088 3564; x_wconf 95' lang='lat' dir='ltr'><em>s</em></span> <span class='ocrx_word' id='word_1_301' title='bbox 1086 3470 1159 3542; x_wconf 86' lang='lat' dir='ltr'><em>utic</em></span> <span class='ocrx_word' id='word_1_302' title='bbox 1177 3457 1494 3560; x_wconf 85' lang='lat' dir='ltr'><em>saciendumsuit.</em></span> 
     </span>
    </p>

    <p class='ocr_par' dir='ltr' id='par_1_3' title="bbox 31 3561 1496 3946">
     <span class='ocr_line' id='line_1_32' title="bbox 31 3561 1494 3667; baseline -0.01 -19"><span class='ocrx_word' id='word_1_303' title='bbox 31 3661 34 3667; x_wconf 21' lang='lat'><strong>¹</strong></span> <span class='ocrx_word' id='word_1_304' title='bbox 58 3571 207 3648; x_wconf 86' lang='lat' dir='ltr'><em>Verum</em></span> <span class='ocrx_word' id='word_1_305' title='bbox 223 3561 327 3663; x_wconf 87' lang='lat' dir='ltr'><em>scit,</em></span> <span class='ocrx_word' id='word_1_306' title='bbox 350 3593 414 3666; x_wconf 86' lang='lat' dir='ltr'><em>qno</em></span> <span class='ocrx_word' id='word_1_307' title='bbox 428 3563 477 3659; x_wconf 71' lang='lat' dir='ltr'><em>fit</em></span> <span class='ocrx_word' id='word_1_308' title='bbox 502 3574 538 3642; x_wconf 90' lang='lat' dir='ltr'><em>in</em></span> <span class='ocrx_word' id='word_1_309' title='bbox 561 3567 661 3660; x_wconf 88' lang='lat' dir='ltr'><em>loeo,</em></span> <span class='ocrx_word' id='word_1_310' title='bbox 684 3589 721 3646; x_wconf 88' lang='lat' dir='ltr'><em>nt</em></span> <span class='ocrx_word' id='word_1_311' title='bbox 742 3565 774 3660; x_wconf 79' lang='lat' dir='ltr'><em>s</em></span> <span class='ocrx_word' id='word_1_312' title='bbox 799 3593 874 3642; x_wconf 87' lang='lat' dir='ltr'><em>eum</em></span> <span class='ocrx_word' id='word_1_313' title='bbox 901 3565 1001 3644; x_wconf 84' lang='lat' dir='ltr'><em>voles</em></span> <span class='ocrx_word' id='word_1_314' title='bbox 1024 3564 1154 3643; x_wconf 89' lang='lat' dir='ltr'><em>babere</em></span> <span class='ocrx_word' id='word_1_315' title='bbox 1175 3617 1187 3656; x_wconf 89' lang='lat'>‚</span> <span class='ocrx_word' id='word_1_316' title='bbox 1212 3583 1296 3663; x_wconf 90' lang='lat' dir='ltr'><em>puto</em></span> <span class='ocrx_word' id='word_1_317' title='bbox 1321 3578 1441 3635; x_wconf 90' lang='lat' dir='ltr'><em>autem</em></span> <span class='ocrx_word' id='word_1_318' title='bbox 1459 3577 1494 3634; x_wconf 93' lang='lat' dir='ltr'><em>te</em></span> 
     </span>
     <span class='ocr_line' id='line_1_33' title="bbox 56 3661 1495 3769; baseline -0.008 -23"><span class='ocrx_word' id='word_1_319' title='bbox 56 3671 328 3769; x_wconf 76' lang='lat' dir='ltr'><em>quamprimum</em></span> <span class='ocrx_word' id='word_1_320' title='bbox 349 3665 443 3743; x_wconf 80' lang='lat' dir='ltr'><em>velle</em></span> <span class='ocrx_word' id='word_1_321' title='bbox 462 3717 475 3760; x_wconf 91' lang='lat'>‚</span> <span class='ocrx_word' id='word_1_322' title='bbox 489 3665 605 3763; x_wconf 84' lang='lat' dir='ltr'><em>sacile</em></span> <span class='ocrx_word' id='word_1_323' title='bbox 629 3663 671 3742; x_wconf 89' lang='lat' dir='ltr'><em>id</em></span> <span class='ocrx_word' id='word_1_324' title='bbox 689 3663 846 3764; x_wconf 86' lang='lat' dir='ltr'><em>consequi</em></span> <span class='ocrx_word' id='word_1_325' title='bbox 865 3666 994 3744; x_wconf 86' lang='lat' dir='ltr'><em>ualens</em></span> <span class='ocrx_word' id='word_1_326' title='bbox 1016 3724 1024 3742; x_wconf 93' lang='lat'>.</span> <span class='ocrx_word' id='word_1_327' title='bbox 1049 3664 1146 3742; x_wconf 86' lang='lat' dir='ltr'><em>Vale</em></span> <span class='ocrx_word' id='word_1_328' title='bbox 1165 3665 1205 3750; x_wconf 62' lang='grc' dir='ltr'>ὅ</span> <span class='ocrx_word' id='word_1_329' title='bbox 1226 3686 1279 3738; x_wconf 90' lang='lat' dir='ltr'><em>me</em></span> <span class='ocrx_word' id='word_1_330' title='bbox 1291 3709 1314 3753; x_wconf 89' lang='lat'><em>‚-</em></span> <span class='ocrx_word' id='word_1_331' title='bbox 1330 3661 1495 3759; x_wconf 84' lang='lat' dir='ltr'><em>quoniam</em></span> 
     </span>
     <span class='ocr_line' id='line_1_34' title="bbox 52 3752 1496 3864; baseline -0.01 -15"><span class='ocrx_word' id='word_1_332' title='bbox 52 3771 97 3849; x_wconf 86' lang='lat' dir='ltr'><em>id</em></span> <span class='ocrx_word' id='word_1_333' title='bbox 120 3788 244 3848; x_wconf 85' lang='lat' dir='ltr'><em>mutuo</em></span> <span class='ocrx_word' id='word_1_334' title='bbox 259 3763 334 3856; x_wconf 76' lang='lat' dir='ltr'><em>st,</em></span> <span class='ocrx_word' id='word_1_335' title='bbox 359 3793 469 3842; x_wconf 85' lang='lat' dir='ltr'><em>arna.</em></span> <span class='ocrx_word' id='word_1_336' title='bbox 492 3761 726 3859; x_wconf 58' lang='lat' dir='ltr'><em>Constantia</em></span> <span class='ocrx_word' id='word_1_337' title='bbox 748 3765 830 3844; x_wconf 84' lang='lat' dir='ltr'><em>XV</em></span> <span class='ocrx_word' id='word_1_338' title='bbox 832 3765 895 3841; x_wconf 55' lang='lat' dir='ltr'><em>Ile</em></span> <span class='ocrx_word' id='word_1_339' title='bbox 918 3764 1012 3842; x_wconf 78' lang='lat' dir='ltr'><em>Kal.</em></span> <span class='ocrx_word' id='word_1_340' title='bbox 1038 3763 1200 3864; x_wconf 81' lang='lat' dir='ltr'><em>Januar.</em></span> <span class='ocrx_word' id='word_1_341' title='bbox 1228 3763 1331 3838; x_wconf 81' lang='lat' dir='ltr'><em>Anno</em></span> <span class='ocrx_word' id='word_1_342' title='bbox 1358 3752 1496 3848; x_wconf 72' lang='lat' dir='ltr'><em>Christ·</em></span> 
     </span>
     <span class='ocr_line' id='line_1_35' title="bbox 51 3865 1229 3946; baseline -0.002 0"><span class='ocrx_word' id='word_1_343' title='bbox 51 3873 117 3946; x_wconf 91' lang='lat' dir='ltr'><em>M.</em></span> <span class='ocrx_word' id='word_1_344' title='bbox 153 3867 229 3946; x_wconf 86' lang='lat' dir='ltr'><em>CC</em></span> <span class='ocrx_word' id='word_1_345' title='bbox 233 3867 304 3944; x_wconf 87' lang='lat' dir='ltr'><em>CC</em></span> <span class='ocrx_word' id='word_1_346' title='bbox 309 3865 391 3944; x_wconf 83' lang='lat' dir='ltr'><em>XV</em></span> <span class='ocrx_word' id='word_1_347' title='bbox 390 3865 451 3942; x_wconf 87' lang='lat'><em>11.</em></span> <span class='ocrx_word' id='word_1_348' title='bbox 1225 3935 1229 3944; x_wconf 94' lang='lat'><em>.</em></span> 
     </span>
    </p>

    <p class='ocr_par' dir='ltr' id='par_1_4' title="bbox 54 3954 1499 4356">
     <span class='ocr_line' id='line_1_36' title="bbox 104 3954 1499 4064; baseline -0.007 -18"><span class='ocrx_word' id='word_1_349' title='bbox 104 3969 223 4046; x_wconf 83' lang='lat' dir='ltr'><em>Idem</em></span> <span class='ocrx_word' id='word_1_350' title='bbox 249 3965 333 4064; x_wconf 85' lang='lat' dir='ltr'><em>Pog</em></span> <span class='ocrx_word' id='word_1_351' title='bbox 362 3969 423 4044; x_wconf 85' lang='lat' dir='ltr'><em>ius</em></span> <span class='ocrx_word' id='word_1_352' title='bbox 443 3969 484 4044; x_wconf 83' lang='lat' dir='ltr'><em>iu</em></span> <span class='ocrx_word' id='word_1_353' title='bbox 508 3957 663 4064; x_wconf 76' lang='lat' dir='ltr'><em>diitogo</em></span> <span class='ocrx_word' id='word_1_354' title='bbox 686 3965 732 4042; x_wconf 89' lang='lat' dir='ltr'><em>de</em></span> <span class='ocrx_word' id='word_1_355' title='bbox 758 3963 990 4044; x_wconf 72' lang='lat' dir='ltr'><em>infelicitate</em></span> <span class='ocrx_word' id='word_1_356' title='bbox 1012 3963 1238 4062; x_wconf 81' lang='lat' dir='ltr'><em>Principum</em></span> <span class='ocrx_word' id='word_1_357' title='bbox 1264 4013 1278 4055; x_wconf 90' lang='lat'>,</span> <span class='ocrx_word' id='word_1_358' title='bbox 1308 3961 1354 4036; x_wconf 85' lang='lat' dir='ltr'><em>de</em></span> <span class='ocrx_word' id='word_1_359' title='bbox 1375 3954 1411 4032; x_wconf 83' lang='lat' dir='ltr'><em>su</em></span> <span class='ocrx_word' id='word_1_360' title='bbox 1439 3956 1499 4032; x_wconf 85' lang='lat' dir='ltr'><em>lo·</em></span> 
     </span>
     <span class='ocr_line' id='line_1_37' title="bbox 54 3991 1496 4170; baseline -0.012 -22"><span class='ocrx_word' id='word_1_361' title='bbox 54 4093 191 4170; x_wconf 88' lang='lat' dir='ltr'><em>quens</em></span> <span class='ocrx_word' id='word_1_362' title='bbox 216 4091 231 4146; x_wconf 91' lang='grc'><em>.·</em></span> <span class='ocrx_word' id='word_1_363' title='bbox 270 3991 433 4166; x_wconf 70' lang='lat' dir='ltr'><em>Susiepie</em></span> <span class='ocrx_word' id='word_1_364' title='bbox 458 4065 515 4144; x_wconf 83' lang='lat' dir='ltr'><em>bie</em></span> <span class='ocrx_word' id='word_1_365' title='bbox 531 4067 611 4145; x_wconf 89' lang='lat' dir='ltr'><em>olim</em></span> <span class='ocrx_word' id='word_1_366' title='bbox 635 4064 860 4162; x_wconf 83' lang='lat' dir='ltr'><em>diligentiam</em></span> <span class='ocrx_word' id='word_1_367' title='bbox 883 4069 923 4152; x_wconf 74' lang='lat'><em>(5</em></span> <span class='ocrx_word' id='word_1_368' title='bbox 955 4064 1108 4141; x_wconf 85' lang='lat' dir='ltr'><em>laborem</em></span> <span class='ocrx_word' id='word_1_369' title='bbox 1140 4058 1379 4164; x_wconf 80' lang='lat' dir='ltr'><em>peragranda</em></span> <span class='ocrx_word' id='word_1_370' title='bbox 1406 4054 1496 4132; x_wconf 85' lang='lat' dir='ltr'><em>Ale·</em></span> 
     </span>
     <span class='ocr_line' id='line_1_38' title="bbox 61 4159 1497 4356; baseline -0.011 -106"><span class='ocrx_word' id='word_1_371' title='bbox 61 4171 256 4261; x_wconf 74' lang='lat' dir='ltr'><em>mannia,</em></span> <span class='ocrx_word' id='word_1_372' title='bbox 280 4167 446 4246; x_wconf 86' lang='lat' dir='ltr'><em>librorum</em></span> <span class='ocrx_word' id='word_1_373' title='bbox 471 4164 788 4270; x_wconf 81' lang='lat' dir='ltr'><em>perquirendorum</em></span> <span class='ocrx_word' id='word_1_374' title='bbox 808 4172 935 4264; x_wconf 81' lang='lat' dir='ltr'><em>gratia</em></span> <span class='ocrx_word' id='word_1_375' title='bbox 949 4191 1095 4262; x_wconf 86' lang='lat' dir='ltr'><em>···qua</em></span> <span class='ocrx_word' id='word_1_376' title='bbox 1117 4171 1156 4242; x_wconf 87' lang='lat' dir='ltr'><em>in</em></span> <span class='ocrx_word' id='word_1_377' title='bbox 1177 4191 1215 4242; x_wconf 88' lang='lat' dir='ltr'><em>re</em></span> <span class='ocrx_word' id='word_1_378' title='bbox 1238 4159 1400 4356; x_wconf 49' lang='lat' dir='ltr'><em>multum(</em></span> <span class='ocrx_word' id='word_1_379' title='bbox 1415 4177 1497 4272; x_wconf 86' lang='lat' dir='ltr'><em>pro·</em></span> 
     </span>
    </p>

    <p class='ocr_par' dir='ltr' id='par_1_5' title="bbox 1394 4277 1446 4331">
     <span class='ocr_line' id='line_1_39' title="bbox 1394 4277 1446 4331; baseline -0.058 0"><span class='ocrx_word' id='word_1_380' title='bbox 1394 4277 1446 4331; x_wconf 86' lang='lat' dir='ltr'><em>uct</em></span> 
     </span>
    </p>
   </div>
   <div class='ocr_carea' id='block_1_3' title="bbox 43 4381 1501 4784">
    <p class='ocr_par' dir='ltr' id='par_1_6' title="bbox 97 4381 474 4460">
     <span class='ocr_line' id='line_1_40' title="bbox 97 4381 474 4460; baseline 0.005 -17"><span class='ocrx_word' id='word_1_381' title='bbox 97 4381 156 4460; x_wconf 67' lang='lat' dir='ltr'><em>(a)</em></span> <span class='ocrx_word' id='word_1_382' title='bbox 191 4381 474 4460; x_wconf 68' lang='lat' dir='ltr'><em>Reperimucbltbilln</em></span> 
     </span>
    </p>

    <p class='ocr_par' dir='ltr' id='par_1_7' title="bbox 90 4461 1197 4539">
     <span class='ocr_line' id='line_1_41' title="bbox 90 4461 1197 4539; baseline 0.016 -22"><span class='ocrx_word' id='word_1_383' title='bbox 90 4461 161 4538; x_wconf 83' lang='lat' dir='ltr'><em>(b)</em></span> <span class='ocrx_word' id='word_1_384' title='bbox 188 4463 333 4538; x_wconf 77' lang='lat' dir='ltr'><em>Refertum</em></span> <span class='ocrx_word' id='word_1_385' title='bbox 344 4461 459 4528; x_wconf 73' lang='lat' dir='ltr'><em>mabill.</em></span> <span class='ocrx_word' id='word_1_386' title='bbox 693 4533 695 4538; x_wconf 61' lang='grc'>,</span> <span class='ocrx_word' id='word_1_387' title='bbox 891 4531 894 4539; x_wconf 77' lang='grc'>,</span> <span class='ocrx_word' id='word_1_388' title='bbox 924 4528 927 4536; x_wconf 82' lang='grc'><strong>,</strong></span> <span class='ocrx_word' id='word_1_389' title='bbox 1194 4527 1197 4535; x_wconf 95' lang='grc'><em>.</em></span> 
     </span>
    </p>

    <p class='ocr_par' dir='ltr' id='par_1_8' title="bbox 82 4529 1501 4620">
     <span class='ocr_line' id='line_1_42' title="bbox 82 4529 1501 4620; baseline -0.005 -19"><span class='ocrx_word' id='word_1_390' title='bbox 82 4541 154 4618; x_wconf 66' lang='grc' dir='ltr'><em>α)</em></span> <span class='ocrx_word' id='word_1_391' title='bbox 184 4549 239 4600; x_wconf 73' lang='lat' dir='ltr'><em>Nnc</em></span> <span class='ocrx_word' id='word_1_392' title='bbox 251 4543 436 4620; x_wconf 76' lang='lat' dir='ltr'><em>vitaquilem</em></span> <span class='ocrx_word' id='word_1_393' title='bbox 445 4544 578 4604; x_wconf 69' lang='lat' dir='ltr'><em>damnati</em></span> <span class='ocrx_word' id='word_1_394' title='bbox 586 4543 803 4604; x_wconf 74' lang='lat' dir='ltr'><em>detruderentur</em></span> <span class='ocrx_word' id='word_1_395' title='bbox 813 4535 983 4613; x_wconf 70' lang='lat' dir='ltr'><em>,blnbillac</em></span> <span class='ocrx_word' id='word_1_396' title='bbox 995 4529 1130 4615; x_wconf 81' lang='lat' dir='ltr'><em>capitulus</em></span> <span class='ocrx_word' id='word_1_397' title='bbox 1140 4531 1302 4620; x_wconf 70' lang='lat' dir='ltr'><em>quidumrut&#39;</em></span> <span class='ocrx_word' id='word_1_398' title='bbox 1314 4569 1324 4597; x_wconf 87' lang='lat'><em>‚</em></span> <span class='ocrx_word' id='word_1_399' title='bbox 1338 4531 1453 4600; x_wconf 62' lang='lat' dir='ltr'><em>Memfi·</em></span> <span class='ocrx_word' id='word_1_400' title='bbox 1474 4605 1479 4616; x_wconf 31' lang='grc' dir='ltr'>ι</span> <span class='ocrx_word' id='word_1_401' title='bbox 1499 4599 1501 4604; x_wconf 64' lang='grc'>,</span> 
     </span>
    </p>

    <p class='ocr_par' dir='ltr' id='par_1_9' title="bbox 43 4601 1498 4784">
     <span class='ocr_line' id='line_1_43' title="bbox 79 4601 1498 4700; baseline 0.006 -20"><span class='ocrx_word' id='word_1_402' title='bbox 79 4617 161 4694; x_wconf 66' lang='lat' dir='ltr'><em>ld)</em></span> <span class='ocrx_word' id='word_1_403' title='bbox 187 4617 281 4681; x_wconf 80' lang='lat' dir='ltr'><em>Addit</em></span> <span class='ocrx_word' id='word_1_404' title='bbox 293 4619 442 4682; x_wconf 80' lang='lat' dir='ltr'><em>Mabillou</em></span> <span class='ocrx_word' id='word_1_405' title='bbox 453 4645 461 4684; x_wconf 78' lang='lat' dir='ltr'><em>t</em></span> <span class='ocrx_word' id='word_1_406' title='bbox 472 4625 522 4700; x_wconf 84' lang='lat' dir='ltr'><em>qui</em></span> <span class='ocrx_word' id='word_1_407' title='bbox 532 4620 769 4695; x_wconf 70' lang='lat' dir='ltr'><em>cunnumnhuiue</em></span> <span class='ocrx_word' id='word_1_408' title='bbox 785 4619 914 4694; x_wconf 80' lang='lat' dir='ltr'><em>thesauri</em></span> <span class='ocrx_word' id='word_1_409' title='bbox 929 4619 1159 4676; x_wconf 82' lang='lat' dir='ltr'><em>adinventionem</em></span> <span class='ocrx_word' id='word_1_410' title='bbox 1175 4607 1354 4684; x_wconf 62' lang='lat' dir='ltr'><em>numism</em></span> <span class='ocrx_word' id='word_1_411' title='bbox 1366 4643 1377 4674; x_wconf 71' lang='lat'><em>2</em></span> <span class='ocrx_word' id='word_1_412' title='bbox 1395 4601 1498 4659; x_wconf 51' lang='lat' dir='ltr'><em>&#39;&#39;m&#39;‘</em></span> 
     </span>
     <span class='ocr_line' id='line_1_44' title="bbox 43 4685 1498 4784; baseline -0.007 -26"><span class='ocrx_word' id='word_1_413' title='bbox 43 4701 63 4758; x_wconf 68' lang='lat' dir='ltr'><em>i</em></span> <span class='ocrx_word' id='word_1_414' title='bbox 77 4719 122 4757; x_wconf 90' lang='lat' dir='ltr'><em>me</em></span> <span class='ocrx_word' id='word_1_415' title='bbox 131 4697 231 4758; x_wconf 82' lang='lat' dir='ltr'><em>verbis</em></span> <span class='ocrx_word' id='word_1_416' title='bbox 242 4699 509 4784; x_wconf 65' lang='lat' dir='ltr'><em>Qintiliunumper</em></span> <span class='ocrx_word' id='word_1_417' title='bbox 516 4699 583 4775; x_wconf 81' lang='lat' dir='ltr'><em>suat</em></span> <span class='ocrx_word' id='word_1_418' title='bbox 593 4703 806 4780; x_wconf 71' lang='lat' dir='ltr'><em>litteraequuttt</em></span> <span class='ocrx_word' id='word_1_419' title='bbox 821 4711 943 4776; x_wconf 75' lang='lat' dir='ltr'><em>promtum</em></span> <span class='ocrx_word' id='word_1_420' title='bbox 958 4696 998 4755; x_wconf 81' lang='lat' dir='ltr'><em>ud</em></span> <span class='ocrx_word' id='word_1_421' title='bbox 1006 4697 1131 4754; x_wconf 75' lang='lat' dir='ltr'><em>conmitti</em></span> <span class='ocrx_word' id='word_1_422' title='bbox 1141 4689 1360 4750; x_wconf 74' lang='lat' dir='ltr'><em>concentuum.</em></span> <span class='ocrx_word' id='word_1_423' title='bbox 1382 4685 1452 4744; x_wconf 66' lang='lat' dir='ltr'><em>blaec</em></span> <span class='ocrx_word' id='word_1_424' title='bbox 1464 4699 1498 4742; x_wconf 75' lang='lat' dir='ltr'><em>ut</em></span> 
     </span>
    </p>
   </div>
   <div class='ocr_carea' id='block_1_4' title="bbox 22 4771 539 4856">
    <p class='ocr_par' dir='ltr' id='par_1_10' title="bbox 22 4771 539 4856">
     <span class='ocr_line' id='line_1_45' title="bbox 22 4771 539 4856; baseline -0.004 -10"><span class='ocrx_word' id='word_1_425' title='bbox 22 4773 25 4782; x_wconf 86' lang='grc'>’</span> <span class='ocrx_word' id='word_1_426' title='bbox 45 4771 539 4856; x_wconf 67' lang='lat' dir='ltr'><em>utpfimficodtcedetdmncue.</em></span> 
     </span>
    </p>
   </div>
   <div class='ocr_carea' id='block_1_5' title="bbox 0 0 1904 5374">
    <p class='ocr_par' dir='ltr' id='par_1_11' title="bbox 0 0 1904 5374">
     <span class='ocr_line' id='line_1_46' title="bbox 0 0 1904 5374; baseline 0 0"><span class='ocrx_word' id='word_1_427' title='bbox 0 0 1904 5374; x_wconf 95' lang='lat' dir='ltr'><em> </em></span> 
     </span>
    </p>
   </div>
  </div>
 </body>
</html>
