3768 5354
424 354 610 466 ‘one
660 353 986 448 EXTANT.'
1062 357 1210 442 Lini.
1235 359 1333 479 cap.
1357 363 1391 447 1.
1444 383 1467 466 3

100 486 227 566 berceti
250 482 290 558 iet
310 478 468 560 uelis?
492 513 536 561 ec
559 511 624 560 non
646 479 808 560 decorem
840 491 957 584 magis
977 475 1260 582 (delegantium
1291 489 1329 564 in
1351 478 1517 564 transies

103 591 184 662 tione
205 581 456 682 conseruent?
491 585 667 663 Rufinus
699 585 826 661 eidem
852 586 1103 681 Hieronymo
1128 587 1302 681 objicit,
1336 587 1442 684 quod
1469 591 1513 664 in

104 683 340 763 Monellerio
362 683 598 762 Bethlehem
624 685 752 780 pueris
772 686 820 760 ad
854 685 1081 764 discendum
1099 683 1201 762 DEl
1235 689 1418 762 timorem
1443 683 1514 768 fibi

104 785 275 878 traditis,
302 782 509 861 Maronem
534 781 682 876 suum,
717 781 977 884 Comicosque
998 783 1185 864 Plautum
1208 785 1514 883 &Terentium‚

104 909 142 960 ae
157 881 321 975 Lyricos
341 883 382 958 dt
402 879 621 962 Hilloricos
640 879 817 960 sudores
837 881 1038 980 exposuit.
1064 880 1266 962 Nimirum
1292 909 1374 962 non
1401 911 1514 980 puta·
1608 903 1617 910 ’

21 1061 22 1076 p
104 985 155 1058 ut
177 983 315 1057 timori
336 979 438 1060 DEI
461 982 664 1061 adeersum
687 979 762 1059 effe
777 977 1050 1079 Hieronymus
1082 981 1234 1062 efficere
1257 1037 1272 1080 ,
1302 1007 1349 1060 ut
1378 985 1514 1082 lingua

21 1123 22 1128 Ν
105 1079 231 1160 Gtaeca
255 1076 472 1175 &Latina,
486 1083 526 1159 dt
547 1079 758 1160 suavitates
780 1103 901 1180 atque
922 1083 1124 1181 elegantiae
1147 1134 1161 1178 ,
1196 1108 1284 1182 quae
1305 1084 1347 1160 in
1368 1081 1514 1163 Ethui·

21 1191 22 1236 ¹
105 1204 233 1258 eorum
257 1179 371 1256 libris
391 1180 572 1276 exstant,
599 1207 680 1258 non
710 1178 893 1273 fugerent
914 1183 1159 1262 Christianos
1182 1233 1199 1275 ,
1222 1183 1433 1260 &abillis
1455 1189 1516 1262 in-

105 1281 250 1376 telligi,
265 1301 385 1374 atque
408 1283 448 1356 in
463 1277 575 1358 usum
599 1282 698 1358 verti
724 1279 900 1376 possent.
927 1279 1207 1362 Nihilominus
1225 1285 1350 1375 majus
1371 1281 1516 1366 meritd

104 1378 266 1456 studium
290 1380 394 1458 idem
419 1377 550 1473 posuit
569 1383 610 1456 in
633 1379 780 1457 Christi
802 1377 880 1458 fide
902 1381 941 1458 dt
964 1379 1154 1481 obsequio·
1186 1385 1332 1460 teneris
1371 1385 1514 1460 animis

104 1479 350 1556 instillando.
377 1473 577 1574 Utinam,
599 1479 706 1577 quod
727 1477 886 1576 questus
904 1483 1002 1560 olim
1020 1479 1191 1560 Plautus
1218 1477 1298 1557 suit
1322 1481 1516 1564 Rudente

103 1575 168 1654 Π.
184 1601 218 1673 7·
236 1598 298 1678 23.
314 1575 354 1654 id
376 1573 466 1654 solis
481 1581 651 1658 Comicis
674 1582 718 1654 in
740 1575 886 1672 scena,
908 1603 992 1658 nou
1014 1581 1263 1659 incathedra
1287 1582 1408 1658 etiam
1421 1580 1516 1659 Phi·

103 1675 295 1771 losophis,
321 1674 360 1852 {t
383 1673 496 1754 saeris
519 1677 880 1760 concionatoribus
902 1679 953 1758 dc
976 1679 1157 1778 suggestu
1179 1680 1401 1761 identidem
1419 1679 1540 1787 esset⁴

107 1800 174 1856 eon
203 1800 323 1854 ueren
354 1797 453 1856 um:

178 1803 376 1974 quedetri
401 1901 460 1971 ege
482 1873 627 1972 pridem
647 1875 810 1954 Comicus
835 1877 892 1953 ed
914 1867 1025 1970 illem¹
1048 1871 1191 1960 medune

197 1973 392 2072 Sapienter
415 1975 518 2053 dieta
542 1973 693 2067 dicere,
719 1998 829 2074 etque
854 1981 904 2052 iis
923 1976 1124 2076 plaudite,

197 2073 396 2153 Camillos
415 2071 603 2172 sapienter
627 2097 743 2150 morer
764 2072 1000 2166 monstrabant
1019 2097 1066 2174 po
1092 2078 1149 2156 ie:
1356 2165 1363 2176 ι

198 2173 280 2252 Sed
302 2201 378 2254 cem
403 2173 492 2250 inde
510 2168 616 2269 seam
639 2169 789 2278 quisque·
811 2175 914 2270 ibent
937 2097 1267 2274 divorddemam,

108 2295 112 2304 '
198 2273 345 2353 Nelier
365 2293 450 2350 crat
476 2269 536 2348 illo
557 2269 667 2369 paele-
688 2292 730 2348 ιιι
753 2271 809 2348 illi
827 2271 1013 2371 jusserant
1027 2324 1041 2348 .‹

146 2375 205 2458 11..
218 2370 382 2452 Exstant
406 2391 456 2452 ex
478 2367 846 2466 ignosceremus,
869 2393 1035 2472 quarum·
1049 2373 1220 2452 CXXX.
1235 2393 1348 2454 setste
1362 2371 1518 2450 noel-

105 2482 145 2558 lii
174 2473 241 2552 sub
260 2470 393 2550 Plauti
416 2467 1017 2568 nominecircumscrebantur,
1052 2497 1098 2550 ut
1121 2472 1204 2568 ipse
1226 2477 1358 2552 auctor
1386 2473 1440 2550 est
1465 2474 1513 2544 li·

21 2603 22 2610 ¹
105 2579 174 2658 bro
198 2571 239 2656 dt
257 2571 389 2668 capite
410 2575 529 2650 tertio
547 2569 731 2647 Nodium
750 2573 975 2656 Atticarum
1003 2621 1019 2667 ,·
1052 2573 1111 2648 he
1126 2571 1284 2670 vigilari,
1309 2572 1446 2650 ordine
1462 2563 1520 2647 le·

105 2705 144 2758 re
166 2679 391 2764 littersrum
417 2673 439 2749 d
458 2671 734 2772 Grammaticis
756 2670 932 2767 digestae,-
956 2673 1002 2749 ad
1016 2675 1252 2768 evolvendi,
1275 2697 1322 2751 ut
1336 2670 1522 2751 credibile

105 2778 185 2869 cll,
211 2772 442 2853 facilitatem
468 2825 476 2848 .
509 2768 693 2845 *Plauti
719 2795 812 2868 quas
834 2771 1028 2851 hebemus
1044 2770 1266 2851 Comoedias
1299 2775 1513 2850 collocatas

106 2879 244 2954 ordine
264 2875 468 2950 literarum
491 2873 513 2947 l
533 2863 726 2964 Prisciene
746 2892 912 2966 putant,
938 2872 1005 2970 qui
1027 2869 1243 2963 Accedicha
1263 2866 1424 2968 siugulis
1438 2871 1522 2950 Co·

108 2976 251 3054 moediis
274 2969 462 3069 praemissa·
479 2969 618 3064 (e)ad
639 2970 810 3074 eundem
837 2967 1050 3067 referunt,
1072 2976 1181 3072 quod
1196 2995 1384 3074 tanquam
1397 2974 1521 3052 incer·

108 3102 187 3155 tum
210 3077 250 3152 ἀ
272 3095 356 3148 uon
377 3091 529 3168 magne
549 3071 606 3146 tei
631 3071 835 3167 relinquo.
1398 3165 1401 3170 Ι
1463 3129 1469 3138 .

153 3201 170 3251 1
200 3173 445 3272 Amphitruo,
471 3173 512 3244 in
533 3191 611 3268 que
636 3167 717 3263 poll
740 3171 842 3246 alliis
864 3168 937 3246 tv.
963 3159 1119 3245 scenam
1142 3187 1177 3246 2‘.
1199 3163 1337 3250 inserti
1375 3169 1467 3247 sunt
1496 3168 1520 3244 d

107 3277 321 3360 recentiore
344 3293 463 3348 manu
487 3265 616 3347 versus
639 3264 893 3372 CLXXXII.
910 3267 936 3326 *
952 3267 1522 3368 AmphitruoTragion-comte·

106 3379 161 3455 dia
174 3375 322 3454 dicitur
336 3373 357 3447 d
370 3368 547 3450 Ludatio
566 3371 612 3445 ad
627 3368 743 3445 Statii
757 3368 1100 3468 4-Thebaid.r.47.
1113 3366 1520 3449 versuschxxtl.

107 3475 174 3555 lite
194 3470 329 3551 scenae
353 3493 435 3550 tres
451 3469 709 3570 Amphitruoni
728 3469 810 3567 post
833 3469 955 3546 Asius
971 3463 1041 3544 tv.
1058 3467 1210 3547 scenam·
1234 3474 1303 3547 mi·
1325 3471 1521 3547 recentio-

107 3597 289 3657 remantt
309 3571 496 3665 adjettas,
520 3591 719 3666 perperam
745 3593 818 3664 pro·
841 3569 1025 3664 genuinis
1044 3565 1176 3646 Plauti
1200 3567 1426 3645 habuerunt
1445 3564 1521 3661 Py·

108 3677 204 3762 ledes
220 3673 435 3750 Brixianus
454 3672 620 3768 aliique.
645 3666 692 3743 In
714 3665 864 3751 Plauto·
879 3663 1139 3743 Taulsmanni
1163 3667 1212 3744 ad
1234 3673 1380 3772 calcem
1409 3669 1521 3744 volu·

108 3779 221 3852 minis
241 3773 369 3865 rejecti
394 3773 607 3868 leguntur,
634 3789 719 3864 pag.
735 3789 848 3867 1271.v
867 3764 994 3863 sepa
1014 3762 1150 3842 Plauti
1175 3766 1346 3846 didione·
1369 3765 1476 3844 abire
1503 3815 1518 3858 ‚

108 3879 303 3972 magisque
328 3867 641 3964 tumentium«,
667 3867 705 3944 dt
726 3892 857 3949 vetera
880 3868 1005 3958 licet,
1029 3887 1162 3944 tamen
1178 3867 1346 3944 omnino
1368 3866 1519 3966 sequio-

107 3979 155 4050 ris
174 3976 249 4051 aevi
269 3971 550 4063 adjellatnente
576 3988 690 4048 notat
708 3968 864 4047 Vossius
893 3965 960 4043 lib.
980 3986 1011 4039 1.
1025 3963 1074 4044 de
1099 3967 1206 4042 vitiis
1232 3966 1423 4046 sermonis
1436 3989 1517 4062 rep.

108 4067 1413 4266 aeietin{titiensiutriti‘siau
1427 4059 1513 4243 ia

110 4275 238 4366 panice
270 4271 390 4349 vertit
422 4267 479 4346 D.
504 4269 760 4362 Villabolos·,
791 4263 947 4364 Hispali
980 4283 1092 4364 1574.
1121 4261 1366 4348 8..1miteeus
1392 4263 1445 4343 est
1473 4267 1519 4338 in

110 4371 400 4470 Amphitruone
422 4366 495 4453 suo
515 4367 578 4470 Jo.
593 4367 765 4468 Baptista
784 4363 1257 4542 Poquelinus'Rsolierius
1278 4415 1296 4471 2
1333 4365 1521 4549 acgiaeelio

234 4503 239 4512 ·
1311 4561 1315 4568 .
1344 4493 1384 4562 Ju
1415 4491 1447 4541 ic

114 4665 168 4744 (a)
186 4665 399 4742 videinlraad
409 4672 570 4747 num.v1l.
580 4677 689 4752 pag.2;
