3834 5360
461 325 537 418 160
595 354 601 364 ·
766 318 1061 408 SCRIPTA
1113 309 1495 404 CICERONIS

410 451 466 533 r'ro
489 449 602 556 nescio
625 445 715 558 quid
739 447 894 546 agebat,
919 475 983 526 non
1004 445 1202 526 admodum
1224 446 1349 526 acerbe
1361 501 1375 544 ,
1395 469 1435 525 uc
1460 440 1577 542 uisum
1602 437 1670 536 est.
1698 439 1832 550 Atque

412 551 503 634 bunc
530 553 676 630 recitari
699 549 812 625 voluit
838 545 886 621 alr
906 545 1092 640 Hortensio
1110 545 1273 641 Lando‘,
1298 573 1341 624 ne
1365 546 1538 622 uidelicet
1560 551 1830 643 pronunciatio·

412 652 619 732 nc'Gallica
641 646 914 750 offenderemur.
942 647 1027 723 Nec
1052 646 1129 722 nlla
1156 651 1282 724 mencio
1307 646 1355 722 de
1380 642 1517 743 rabioso
1531 644 1672 742 dialogo
1680 677 1828 746 ,quem

290 785 294 790 ·
411 755 493 850 effer
517 750 706 829 editurus.
728 747 884 825 Tantum
909 744 1033 822 obnixe
1056 743 1207 846 rogabar
1229 744 1436 841 Landum‚
1460 765 1498 822 uc
1524 748 1561 820 in
1578 740 1672 842 suae
1694 743 1829 836 oracio.

413 878 478 930 nes
501 847 748 952 proferetur,
774 839 901 942 easque
927 847 1115 944 cuicunque
1141 843 1281 921 libitum
1307 846 1412 940 effre,
1439 843 1615 924 dicerer:
1654 843 1698 922 id
1723 847 1824 948 quod

404 951 532 1052 facere
556 945 718 1026 Landus
742 947 857 1024 renuit
881 999 891 1016 .
918 943 1025 1020 Nam
1050 971 1161 1052 neque
1182 943 1369 1042 Gryphiur
1407 943 1604 1023 uidebatur
1628 945 1826 1025 editionem

411 1070 641 1150 recepturus:
667 1048 796 1152 quippe
821 1047 882 1152 qui
906 1040 1078 1140 nobiscum
1103 1047 1215 1126 eciam
1239 1043 1545 1144 conquerebatur,
1578 1047 1825 1144 importuniffi.

408 1178 462 1228 me
483 1145 524 1248 fc
550 1151 576 1225 ὰ
603 1138 715 1242 nescio
739 1142 919 1243 qnibusut
933 1146 1173 1246 imprimeret,
1198 1149 1338 1239 urgeri.
1369 1144 1461 1221 Mon·
1475 1141 1572 1220 nobis
1586 1147 1824 1246 exeuntibus,

408 1248 533 1330 olotult't
548 1243 747 1327 Caruao'ali
761 1243 801 1330 (5
816 1239 995 1338 Scalr'geri
1019 1241 1268 1336 virulentias,
1293 1269 1386 1342 qnae
1420 1271 1599 1342 nunquam
1632 1248 1670 1319 in
1693 1245 1773 1323 Ital
1781 1253 1822 1340 ia

408 1348 645 1426 videramus.
671 1341 749 1418 His
775 1345 938 1416 nimirum
962 1339 1095 1416 libellis
1121 1341 1268 1424 erilium
1301 1338 1509 1440 Tolosanum
1533 1337 1728 1438 consolatur
1755 1348 1823 1425 mi·

402 1445 491 1548 ser,·
513 1473 556 1521 ac
580 1442 705 1546 lollium
734 1443 903 1519 conuiciis
927 1445 1083 1521 animum
1106 1441 1364 1522 redaccendie.
1391 1441 1640 1542 Jul.Caelaris
1654 1444 1825 1544 Scalige-

410 1552 442 1624 ri
458 1544 693 1626 Orationem
716 1564 788 1636 pro
811 1539 1003 1618 Cicerone
1036 1563 1172 1620 contra
1203 1539 1405 1622 Erulorum
1448 1544 1567 1619 etiam
1590 1567 1678 1618 cum
1712 1551 1823 1623 notis

408 1647 483 1724 luis
507 1641 626 1723 edidit
644 1639 839 1720 Melchior
858 1639 1048 1738 Adomus.
1074 1637 1152 1742 Jac.
1171 1639 1323 1716 Gorscii
1343 1639 1486 1720 Poloni
1510 1642 1747 1721 dialeiiicam
1767 1650 1820 1723 Δ.

408 1743 512 1848 1653.
529 1743 726 1838 vulgatam
746 1763 799 1815 -eo
824 1740 986 1814 nomine
1014 1737 1281 1838 laudatJanus
1308 1740 1542 1817 Vincentius
1565 1739 1744 1820 Gracina
1773 1747 1816 1822 in

412 1841 680 1923 Orationibus
705 1866 742 1937 p.
757 1835 817 1913 26.
831 1839 935 1948 qttod
955 1839 991 1913 dt
1009 1863 1137 1915 rerum
1161 1839 1347 1917 deleuum
1373 1838 1537 1931 habuit,
1564 1839 1599 1914 dt
1618 1843 1827 1919 vocabulo·

415 1969 531 2036 rum,
559 1965 642 2040 quat
667 1939 714 2016 de
729 1934 931 2020 Tullianis
955 1935 1131 2020 lontibus
1154 1936 1313 2032 haufit‚
1348 1963 1424 2014 uua
1451 1963 1539 2014 cum
1563 1944 1752 2034 exemplis
1776 1945 1825 2020 ad

412 2043 585 2140 singulas
601 2039 822 2118 Dialeaicae
850 2040 1000 2144 regulas
1024 2033 1302 2113 arnonodntis.
1330 2037 1367 2113 S.
1384 2036 1655 2134 Hieronymus
1670 2039 1824 2132 Episto-

413 2145 450 2218 la
471 2143 518 2222 ud
535 2131 808 2234 Nepotianum
835 2137 910 2212 hoc
934 2137 1071 2232 probat
1097 2138 1236 2212 dilium
1263 2138 1309 2212 de
1324 2137 1536 2214 Cicerone.-
1564 2133 1822 2230 Demollbento

412 2239 480 2322 rilr'i
500 2237 688 2348 preripuit
717 2260 758 2313 ne
782 2235 870 2337 effes
891 2239 1033 2335 primus
1059 2255 1198 2313 orator:
1224 2255 1262 2309 cu
1287 2233 1379 2329 illi,
1413 2262 1454 2311 ne
1472 2229 1602 2331 sulus.
1630 2235 1819 2340 Tullium

413 2341 503 2419 cum
522 2335 797 2424 Demosthene
832 2338 1004 2414 contulit
1048 2356 1184 2434 prutes
1222 2335 1399 2410 laudatos
1438 2339 1460 2411 i
1499 2361 1561 2413 me
1593 2333 1704 2431 supra
1730 2363 1821 2437 pag.

408 2441 486 2540 156.
512 2436 738 2517 Francilcus
758 2431 1017 2516 Maucroilrus
1043 2429 1145 2528 pref.
1163 2434 1211 2509 ad
1235 2432 1516 2514 Demosthenis
1547 2435 1584 2510 dt
1609 2435 1816 2514 Ciceronis

406 2541 579 2642 quadam
596 2539 749 2615 Gallice
772 2533 855 2612 ise
882 2529 983 2609 versa
1002 2529 1117 2608 Parii.
1140 2529 1249 2628 1685.
1276 2557 1345 2610 nee
1372 2547 1452 2609 nuo
1473 2533 1631 2610 illustris
1647 2533 1820 2614 Penelo-

406 2645 494 2717 nius
518 2641 583 2736 qui
601 2641 755 2732 Anyto.
770 2633 962 2726 Dialogus
988 2653 1235 2708 mortuorum
1252 2629 1407 2710 Gallica
1429 2637 1562 2730 lingua
1587 2634 1709 2710 edidit
1734 2687 1748 2727 ‚
1776 2639 1819 2714 iu

432 2738 545 2818 uibus
568 2739 622 2818 ita
639 2731 950 2814 Demosthenem
973 2730 1120 2805 inducit
1137 2735 1365 2826 loquentem
1381 2734 1429 2809 ud
1441 2729 1696 2812 Ciceronem:
1722 2759 1814 2812 uouc

424 2833 543 2934 crifitiz⁸
559 2833 663 2926 dire,
688 2834 747 2930 qn’
762 2829 904 2936 ilparle
919 2828 1029 2904 bien?
1053 2831 1094 2916 di
1117 2834 1206 2936 moi,
1226 2833 1269 2928 je
1289 2829 1422 2928 saisitis
1436 2833 1541 2924 dire,
1568 2831 1664 2920 allez
1718 2859 1817 2908 mar·

403 2927 508 3010 clro'irr
532 2934 647 3008 enarre
665 2929 765 3008 Phili
785 2950 856 3034 pe.
883 2931 942 3004 On
968 2936 1057 3006 uo'us
1081 2927 1212 3009 louuirt
1238 2958 1280 3004 on
1303 2929 1477 3030 lroirerop
1492 2931 1636 3008 horode
1657 2884 1713 3027 foi
1725 2956 1814 3031 pour

404 3059 459 3111 mc
484 3033 610 3136 lover..
626 3023 730 3130 Vide
752 2953 797 3103 ils
820 3031 939 3108 eclam
958 3029 1152 3114 Andream
1169 3030 1384 3108 Schottunr
1405 3035 1443 3104 in
1471 3033 1557 3105 vicis
1579 3036 1815 3124 comparatis

404 3133 628 3212 Aristotelis
646 3155 688 3207 ac
701 3127 982 3206 Demosthenis
1002 3149 1171 3226 pag.4r3.
1184 3127 1257 3228 seq.
1273 3130 1338 3208 De
1363 3129 1486 3209 solute
1499 3129 1704 3206 Ciceronis
1719 3129 1815 3210 Pro·

404 3234 475 3309 bus
498 3227 770 3326 apudLupum
792 3227 1073 3306 Ferrariensem
1087 3228 1257 3325 Epistola
1271 3229 1361 3309 XX.
1392 3231 1572 3307 audacius
1609 3243 1726 3326 quarn
1745 3251 1815 3325 par

405 3331 458 3412 est
484 3331 645 3405 adstruit
664 3327 936 3415 Ciceronem&
960 3327 1152 3424 Virgilium
1176 3325 1380 3428 ceterosque
1404 3334 1559 3429 opinione
1583 3331 1660 3423 ejus
1679 3327 1817 3426 proba·

403 3427 543 3526 ciffimor
568 3434 667 3504 uiros
691 3433 729 3502 in
753 3426 938 3518 cleriorum
964 3425 1157 3506 adnticeere
1184 3427 1384 3525 collegium,
1411 3457 1451 3506 nc
1471 3423 1611 3524 frullra
1633 3427 1815 3506 Dominus

398 3527 607 3628 sanguinent
627 3525 774 3623 fuderit
801 3529 842 3614 di
868 3531 905 3600 in
931 3524 1070 3622 inferno
1094 3531 1201 3610 otium
1226 3533 1373 3605 triverit
1396 3581 1409 3623 ,
1441 3527 1473 3621 fi
1497 3553 1625 3603 uerunt
1639 3524 1689 3620 fic
1717 3526 1817 3605 illud

403 3629 681 3728 Prophericun:
709 3626 786 3707 Ero
811 3653 904 3704 mors
928 3649 994 3704 rua
1018 3653 1037 3702 o
1059 3653 1186 3721 moro,
1213 3624 1346 3725 morsus
1372 3648 1454 3704 tuus
1490 3652 1548 3703 ero
1586 3655 1605 3701 e
1637 3625 1776 3719 inferne
1810 3685 1820 3702 .

401 3727 587 3806 Erasmus
614 3731 710 3805 irem
752 3723 854 3850 procl
880 3729 919 3802 in
956 3725 1041 3800 libr.
1065 3723 1686 3846 Tusculan-quaell.·adloannem
1703 3726 1822 3802 Ulac·

402 3819 1163 4023 attitulanturrin
1178 3823 1543 4023 currenni?
1566 3821 1824 4002 titurio:

400 4051 466 4100 non
488 4023 631 4124 poffim,
655 4028 740 4122 quin
765 4024 858 4101 illud
880 4025 1033 4122 polluo,
1058 4023 1152 4099 unde
1176 4021 1244 4114 isla
1259 4026 1495 4124 prodierunt,
1524 4024 1649 4124 aliqua
1676 4023 1820 4099 diuini-

400 4143 463 4200 rae
488 4125 693 4221 occuparit.
725 4122 847 4223 Atque
873 4125 934 4202 boc
969 4150 1083 4200 meum
1109 4123 1293 4220 ¹indicium
1332 4126 1422 4205 mibi
1445 4131 1560 4223 nugis
1585 4121 1775 4198 blanditur
1802 4176 1817 4220 ‚

398 4227 545 4400 quippei
560 4227 676 4396 animp
702 4245 824 4341 reparo
848 4251 957 4322 qnam
984 4221 1153 4397 mella
1169 4220 1217 4314 lle
1240 4223 1691 4346 quamqueuinellimabilis
1714 4244 1822 4342 aecr-

398 4353 435 4500 i}
463 4345 643 4521 nillil,
667 4345 1107 4498 iiil’lz'rllssiil
1134 4349 1213 4498 &ln
1236 4351 1448 4520 22:⁸53?
1468 4319 1817 4516 filiiflii?

393 4521 546 4620 forcalle
572 4547 637 4601 non
659 4517 707 4615 eil
729 4520 878 4600 lumeni
890 4521 1026 4617 judicii
1051 4531 1307 4620 pronunciare.
1335 4525 1405 4601 Me
1419 4545 1513 4601 ceree
1537 4519 1821 4714 nondadnnsoclum

1524 4677 1527 4684 ,
1573 4645 1772 4700 auorum
