3848 5362
261 3808 266 3816 ·
403 3813 444 3862 ne
463 3791 684 3884 neceffaria.
711 3789 767 3880 Et
790 3801 1020 3898 anniqanque

440 431 558 491 <210
664 403 869 490 ALIA
936 401 1175 484 LIVII
1234 397 1630 480 SCRIPTA

430 544 573 610 rentur
601 547 725 622 ,qua
755 516 930 598 facerent
950 519 998 595 ad
1026 509 1221 593 idolo'rum
1246 513 1557 610 superstitionem
1583 505 1856 608 probandam:

431 619 759 698 Hancdntonini
774 621 1040 696 narrationem
1067 620 1108 691 in
1136 615 1298 691 dubium
1318 637 1428 690 vocat
1449 611 1616 710 lacobus
1639 612 1851 690 Grctserus

431 719 537 796 lib.r.
550 722 597 796 de
610 722 694 812 jure
710 717 942 816 prohibendi
956 719 1074 792 libros
1089 721 1213 791 malos
1230 739 1261 789 c.
1277 711 1409 790 XXX.
1430 710 1641 792 Librorum
1662 709 1764 788 Livii
1781 720 1851 811 qui

429 817 582 894 cxslam
596 822 823 912 exemplum
845 820 1046 912 eleganter
1073 814 1260 911 scriptum
1285 837 1329 890 ut
1352 815 1401 887 Α.
1416 832 1525 906 1455.
1544 813 1567 890 ὲ
1591 811 1742 908 Poggio
1758 815 1850 896 Flo-

426 919 587 994 rentino
610 915 677 993 sabi
704 939 976 1013 compararet,
1001 937 1171 1010 agrum,
1196 939 1311 1010 quem
1340 911 1507 988 habebat
1531 961 1546 1004 ,
1574 915 1739 992 vendere
1765 941 1847 996 nou

281 1007 283 1014 ’
426 1017 619 1098 dubitavit
641 1017 842 1094 Antonius
861 1015 1125 1107 Beccatellus,
1154 1011 1482 1094 Panormitam,
1506 1035 1554 1088 ut
1576 1035 1625 1090 cx
1650 1017 1731 1106 ejus
1751 1015 1847 1112 Epi.

423 1111 690 1194 siolauddtra
719 1117 819 1191 oniae
843 1115 995 1212 Regem
1011 1109 1353 1189 Alfonsuntrclert
1377 1109 1579 1186 Gallaefiut
1596 1111 1696 1189 libro
1723 1115 1844 1194 deBi.

427 1216 608 1293 liothccis
625 1240 658 1310 p.
671 1139 755 1299 156,
776 1215 801 1271 *
819 1215 864 1289 ln
879 1210 1361 1308 Leibnitzianis‚liveOrio
1374 1210 1644 1288 Hanovetaoo
1658 1215 1845 1294 nobiliffi·

424 1318 478 1394 mi
494 1317 580 1390 Viti
628 1341 664 1391 o.
683 1314 786 1391 Frid.
811 1313 952 1390 Felleri
982 1335 1063 1410 pag.
1080 1311 1159 1404 15⁶.
1188 1315 1291 1407 legas
1315 1308 1472 1387 Patrem
1493 1311 1840 1396 erenbrnclrium

423 1410 548 1492 sande
563 1312 762 1492 allirmallc
779 1410 885 1490 Patri
910 1409 1152 1506 Gamansto,
1179 1408 1216 1488 sc
1244 1411 1285 1486 in
1302 1411 1479 1486 manibus
1504 1409 1675 1489 habuille
1691 1411 1840 1494 Bre'ma

423 1511 585 1589 MStnm
598 1511 700 1590 Livii
710 1515 864 1612 plenius
881 1565 894 1605 ‚
920 1511 983 1590 sed
1003 1537 1090 1589 curn
1107 1532 1300 1587 mercator
1320 1509 1421 1602 jullo
1441 1512 1566 1587 catius
1580 1514 1749 1590 vendere
1764 1522 1841 1593 vel.

422 1613 503 1705 let,
530 1637 613 1692 tum
638 1613 833 1710 neglexit.
859 1614 963 1690 Cum
984 1611 1114 1686 rursus
1139 1632 1351 1709 quareret,
1379 1609 1460 1703 poll
1482 1614 1707 1688 mercatoris
1735 1638 1839 1693 mor.

423 1714 681 1806 temamplius
694 1714 1027 1809 noncomparuit.
1055 1709 1130 1785 His
1147 1711 1244 1787 adde
1259 1735 1341 1803 quae
1364 1733 1411 1784 ex
1435 1706 1496 1807 Jo.
1516 1710 1696 1788 chneri
1711 1709 1840 1794 Chro-

423 1812 514 1885 nico
525 1809 722 1889 Bremensr
743 1813 789 1887 ad
807 1809 851 1887 Α.
870 1831 972 1906 1521.
996 1811 1043 1886 de
1060 1809 1238 1887 Mertino
1259 1805 1471 1902 Groningo
1484 1857 1499 1902 ,
1524 1813 1592 1906 qui
1614 1813 1837 1905 deperditur

420 1905 522 1983 Livii
545 1910 665 1988 libros
684 1910 863 1989 habuerit
882 1931 1063 1989 narratur
1090 1910 1131 1984 in
1147 1908 1391 1988 Bibliotheca
1416 1905 1613 1984 Bremensr
1638 1909 1838 1992 Histotico

300 2011 302 2016 '
418 2005 666 2108 Theologica
690 2009 827 2088 Tomo
851 2008 928 2090 five
956 2007 1065 2085 classe
1093 2031 1128 2086 2.
1153 2004 1334 2088 fasciculo
1359 2031 1381 2079 ι.
1401 2030 1485 2104 pag.
1511 2025 1596 2104 143.
1621 2005 1697 2109 seq.
1723 2015 1836 2096 Adde

418 2107 579 2182 etiamst
602 2111 724 2202 placet
737 2133 820 2206 quac
833 2111 964 2192 notavi
980 2103 1092 2206 supra
1109 2133 1143 2204 p.
1163 2127 1247 2206 140.

472 2205 562 2286 Vll·
588 2207 738 2309 Scripta
758 2203 858 2284 Livii
880 2210 999 2285 etiam
1028 2209 1101 2282 alia
1129 2205 1231 2307 apud
1248 2225 1396 2282 veteres
1420 2226 1692 2284 memorantur
1719 2257 1735 2302 ,
1760 2232 1830 2292 ut:

416 2299 597 2402 Dialogi,
622 2331 719 2406 quos
735 2330 814 2382 non
837 2310 957 2400 magis
971 2303 1357 2402 Philosophiaeqmm
1376 2301 1558 2383 Historia
1576 2315 1827 2392 annumerati

416 2404 580 2495 potuisse
598 2410 652 2484 ait
667 2407 812 2483 Seneca
830 2405 1002 2508 Epistola
1032 2403 1263 2488 eentefima.
1290 2399 1400 2478 Libri
1422 2397 1564 2497 ebrioso
1587 2403 1661 2481 hiri
1682 2404 1758 2487 stre
1781 2435 1828 2490 ex

412 2501 579 2596 professo
608 2503 902 2602 Philosophiam
927 2506 1203 2597 continentes,
1232 2502 1290 2580 id.
1325 2496 1539 2608 Epistulae
1594 2497 1826 2606 filium‚qua

414 2599 728 2686 Demosthenem
740 2622 856 2707 etque
870 2606 1102 2688 Ciceronem
1115 2606 1175 2680 illi
1195 2603 1507 2704 legendosuniee
1521 2599 1666 2703 suasit,
1693 2605 1830 2684 brevis·

413 2697 550 2778 sima&
570 2705 1089 2800 tutissimeadcloqucntiam
1105 2705 1186 2779 via·
1213 2701 1444 2805 QuintilX.
1461 2727 1484 2774 a
1505 2699 1739 2798 Fragmenta
1751 2707 1829 2784 duo

412 2799 577 2898 insignia
591 2797 695 2882 Livii
708 2807 755 2878 de
766 2803 983 2897 Cicerone,
1009 2801 1254 2900 quaeexslant
1273 2803 1375 2900 apud
1386 2801 1444 2877 Μ.
1458 2800 1643 2878 Senecam
1660 2801 1828 2888 suasoria

413 2895 550 2994 sexta,
574 2923 622 2978 ex
647 2899 894 2982 hilloriarnm
914 2902 1016 2976 libro
1042 2901 1171 2982 CXX.
1188 2906 1309 2998 petita
1333 2898 1445 2976 sunt.
1470 2898 1602 2978 Etiam
1625 2900 1727 2979 Livii
1757 2905 1827 2984 filii

414 2992 564 3092 scriptis
579 2997 690 3079 usum
711 2999 748 3076 se
762 3001 971 3095 profitetur
986 2997 1140 3086 Plinius
1155 3004 1255 3086 libro
1268 3002 1317 3077 V.
1342 2999 1444 3082 Hist,
1460 3005 1625 3080 natural.
1650 2999 1714 3089 rifi
1732 3003 1829 3084 locus

410 3091 681 3196 mendosusell,
709 3101 837 3200 inquit
861 3099 1120 3194 lietduinus,
1148 3104 1189 3188 (5
1207 3127 1253 3177 ex
1271 3095 1482 3198 preponere
1496 3099 1603 3184 Livii
1619 3109 1826 3200 repetitione

408 3193 516 3270 Liuii
534 3191 609 3288 filii
627 3193 774 3296 confilia
789 3225 881 3274 vox.
907 3199 934 3255 *
960 3201 999 3284 si
1021 3199 1146 3276 Henr.
1162 3199 1428 3286 Do'dvvellum
1453 3202 1631 3277 andinurs
1649 3252 1664 3293 ‚
1685 3203 1826 3284 desunt

407 3292 524 3370 hodie
537 3299 573 3368 in
586 3293 700 3374 Liuio
716 3322 850 3392 prater
866 3322 926 3376 tot
941 3301 1059 3380 libros
1075 3302 1263 3396 integros,
1278 3301 1314 3380 d(
1353 3325 1409 3375 uae
1427 3300 1468 3374 in
1481 3303 1744 3406 quinque,qui
1760 3329 1826 3383 ex·

410 3387 511 3468 nant
529 3394 766 3486 postremisal
790 3397 853 3500 jo,
871 3396 1123 3491 Doujatioex
1140 3402 1178 3473 in
1210 3403 1301 3478 enio
1324 3325 1510 3496 suppletae
1534 3398 1624 3476 sunt
1648 3402 1798 3480 lacunae
1811 3457 1826 3501 ,

406 3494 525 3576 ctiam
542 3492 634 3577 hinc
657 3497 749 3576 inde
763 3501 937 3594 quadam
957 3500 1022 3586 ubi
1039 3501 1148 3576 nulla
1180 3425 1268 3575 sunt
1289 3501 1327 3573 in
1341 3501 1454 3575 editis
1468 3495 1678 3592 (lodicibus
1697 3525 1827 3601 neque

405 3594 446 3665 in
461 3591 764 3678 MSSltiatuum
782 3597 959 3694 vesltgia:
986 3599 1049 3677 De
1068 3619 1130 3674 unt
1152 3602 1189 3678 in
1210 3599 1313 3673 rebus
1326 3596 1513 3674 Coriolani
1531 3595 1615 3672 bina
1630 3597 1826 3694 Consulum

399 3697 512 3789 paria
533 3693 552 3768 i
571 3691 736 3790 Dioryfio
745 3695 1019 3792 Halicarnasson
1059 3697 1265 3798 inplenda,
1290 3698 1399 3776 Livii
1410 3691 1521 3794 ipfius
1535 3699 1733 3776 rationibus
1737 3701 1826 3800 pla.

1079 3855 1087 3872 .
1100 3797 1137 3874 C
1139 3852 1149 3872 .
1159 3797 1196 3874 C
1196 3800 1356 3874 aroniani
1375 3817 1459 3901 179.
1473 3795 1629 3874 tribunes
1644 3797 1825 3881 militares

400 3883 577 3983 consulari
590 3879 763 4000 potesate
790 3897 921 3990 omissos
949 3923 993 3972 ex
1011 3893 1085 3994 ipsc
1111 3897 1224 3975 Livio
1250 3901 1423 3987 evicimus
1448 3949 1460 3969 .
1487 3893 1542 3978 Et
1569 3899 1606 3971 in
1630 3897 1826 3992 Censorem

397 3982 598 4082 sueccfflone
623 3990 738 4072 multa
762 3991 919 4096 supponit
943 3997 1115 4089 Livias,
1147 3991 1287 4094 frustra
1313 3995 1481 4094 plattein
1506 3993 1688 4070 lairena
1710 4001 1824 4080 Livii

399 4085 662 4186 exemplaribus
681 4094 875 4212 querenda
898 4151 907 4171 .
935 4092 1047 4190 Deest
1064 4098 1173 4171 eriam
1200 4100 1236 4170 in
1261 4095 1382 4171 codem
1404 4094 1500 4178 locus
1522 4121 1588 4192 quo
1607 4101 1710 4172 tertii
1732 4105 1824 4176 inic-

397 4187 469 4261 rint
494 4185 688 4268 decemviri
713 4242 727 4287 ,
751 4223 856 4296 quum
879 4216 1000 4276 tamen
1022 4197 1166 4272 tertium
1188 4193 1287 4271 illius
1309 4189 1553 4292 Magistratus
1578 4221 1708 4273 aarum
1729 4195 1824 4299 sup·
1897 4241 1898 4246 =

391 4303 526 4384 ponant
544 4290 620 4384 ejus
638 4297 831 4370 rationes.
864 4293 929 4372 Sic
948 4298 1058 4368 etiam
1090 4298 1126 4368 in
1144 4295 1364 4374 tribunorum
1388 4293 1601 4391 plebeiorum
1627 4295 1823 4378 decennali
1896 4331 1897 4350 ¹

388 4380 566 4482 seditione
582 4391 623 4478 ὅ
638 4389 1115 4489 Magislrammcgrulium
1129 4393 1320 4476 Anarchia
1343 4389 1438 4492 deest
1465 4421 1611 4487 annus,
1635 4421 1738 4494 quem
1758 4421 1820 4472 ra·
1895 4411 1896 4448 l

390 4509 469 4560 men
487 4513 550 4562 aon
568 4487 755 4585 agnoscant
776 4492 880 4568 modo
903 4544 915 4584 ‚
950 4497 1208 4570 verumetiam
1235 4497 1378 4589 exigunt
1399 4493 1477 4596 ejus
1502 4491 1633 4570 calculi
1653 4495 1746 4571 relic
1776 4499 1819 4588 θ

384 4601 451 4682 pro
468 4583 577 4678 ipsus
604 4608 717 4664 meare
733 4585 844 4686 'posti
858 4641 877 4672 ..
917 4589 1011 4670 Haec
1039 4591 1285 4672 Dodvvellus
1313 4591 1387 4666 diff
1414 4610 1466 4673 10.
1490 4595 1537 4672 de
1555 4593 1687 4690 Cyclis
1710 4593 1746 4672 dc
1772 4603 1817 4684 iu

1642 4689 1773 4780 Chro-

1879 5087 1889 5154 l

1887 5159 1888 5231 l
