3718 5360
247 365 496 448 scutrum
524 367 967 454 ruruosouurcr.
1021 393 1032 456 κ
1070 369 1288 454 munes.
1345 401 1419 480 135

50 497 172 600 [chius
187 498 390 594 Stutgard.
402 491 524 574 ἰ688.
536 492 570 574 8.
594 487 614 521 ⁴¹
639 497 687 577 Sc
705 497 883 593 Amhrnfii
898 502 1020 580 libros
1035 523 1113 580 tres
1131 503 1179 580 de
1191 505 1335 598 Offiair’r
1354 513 1477 590 Μή.
1564 579 1566 585 ,

52 599 200 698 limeum
230 594 305 676 lise
327 597 602 677 Diaconorum
619 598 865 680 (hancenim
887 604 1101 695 genuinam
1120 603 1195 684 e'sse
1217 611 1324 687 illius
1341 618 1472 709 operis

7 727 9 774 l
57 698 385 794 inscriptionem,
408 696 431 774 ὲ
451 697 579 776 Codd.
593 699 708 780 MSS.
722 703 866 780 docent
884 703 1122 782 Benedillini
1138 709 1179 782 in
1192 710 1472 808 notisTom.2.

7 777 9 844 i
57 803 157 897 opp.
175 797 217 874 S.
231 794 452 894 Ambrosii)
473 799 717 896 Moguntiua
735 801 1036 880 editioain602.
1052 797 1085 877 8.
1110 804 1164 884 ita
1186 825 1278 884 cem
1300 815 1468 892 totidem

59 901 262 980 Ciceronis
276 899 384 976 libris
394 899 756 996 excusocexhibct,
780 903 950 982 utvcrba
975 901 1230 994 Ambrosiam
1244 907 1476 992 Ciceronia-

62 1005 115 1078 nis
130 995 382 1097 persingulas
398 997 894 1100 paginasdr'egionepofita
917 999 1021 1091 lint,
1045 1027 1184 1097 perum
1207 1009 1297 1084 utili
1316 1010 1473 1090 inliitu·
1600 1106 1601 1110 Ἴ

62 1125 99 1180 to
109 1155 122 1196 ,
148 1123 240 1176 cum
253 1103 294 1174 in
311 1097 445 1178 iisdem
458 1104 608 1198 paginis
622 1103 1043 1200 rarolegaccftliquid
1062 1107 1249 1205 utrinque
1262 1127 1475 1206 argumen-

63 1227 100 1280 to
118 1200 244 1278 simile
259 1202 320 1278 vel
348 1196 614 1298 respondens.
644 1203 753 1300 ldem
780 1201 990 1288 dixerisr'de
1011 1197 1196 1300 Iohanne
1209 1205 1473 1303 Mucianae,

61 1301 243 1402 quihunc
258 1301 299 1374 in
320 1300 480 1377 modum
504 1300 798 1396 Hieronymi&
816 1299 1115 1398 Rulim'sstripta
1135 1310 1331 1388 contraria
1354 1310 1479 1402 lnffiise

62 1407 143 1480 dem
161 1401 314 1497 paginis
324 1397 483 1478 describi
494 1407 642 1480 curavit
655 1405 693 1480 in
707 1425 806 1480 nova
821 1399 887 1480 sua
899 1383 1136 1496 Hiehonymi
1144 1407 1324 1488 editione
1334 1465 1355 1486 ..
1371 1409 1472 1486 Prat-

65 1501 156 1580 satio
173 1499 234 1598 Jo.
256 1497 562 1582 Beer-Boecleri
579 1506 658 1582 orei
672 1495 909 1576 deculcans*
930 1503 979 1578 ad
996 1501 1033 1580 8.
1047 1502 1297 1582 Ambrosium
1318 1508 1367 1585 de
1389 1507 1476 1586 offi-

66 1605 126 1680 ciis
137 1604 285 1698 legitur
300 1604 417 1678 etiam
431 1605 472 1678 in
487 1603 569 1693 ejus
583 1600 663 1682 diff.
680 1601 922 1681 Academicis
933 1599 1060 1682 Tom.
1073 1623 1105 1702 3.
1121 1629 1207 1703 pag·
1221 1601 1311 1700 486.
1338 1622 1354 1653 ⁴¹
1381 1606 1473 1688 Bas-

68 1699 722 1880 {²gff⁵,}³‘¹¹⁰v²¹¹}¹¹⁵pdnHhstmi‘
741 1721 905 1876 opem}
929 1703 1343 1880 οτιιᾴιίῗῗιωβιηξοε
1368 1711 1482 1788 edi-ta

108 1830 187 1878 m.
305 1825 455 1878 .mene
511 1825 763 1886 uuor„
831 1859 839 1875 .
939 1827 1013 1879 amr
1124 1827 1475 1886 cracuaensem

70 1901 116 1978 lta
130 1819 423 1998 savaddfcrom
439 1825 616 2004 prat-dart
635 1821 850 1980 chidud⁵dc
870 1823 1083 2000 paprcaarirx·
1101 1902 1129 1981 il
1148 1901 1349 1995 cdiatitalc'
1363 1837 1474 1985 leqdi·

71 1999 309 2079 sttrnement
333 2002 380 2078 de
403 2003 440 2078 la
467 2003 631 2096 vrayetc·
643 2005 691 2080 dc
705 2005 741 2080 la
758 1999 877 2081 fauisse
899 2004 1076 2095 morale,
1099 2030 1141 2080 oa
1161 2003 1233 2081 l'on
1242 2003 1322 2099 saia
1340 2011 1420 2082 vair
1439 2008 1475 2083 le

66 2099 155 2198 faux
170 2095 605 2198 desofficcsdeCr‘ccran‚
629 2100 875 2180 decliurcsdc
888 2099 1088 2199 l’Amitie',
1111 2101 1162 2182 de
1180 2103 1219 2180 la
1236 2103 1414 2199 Vietlleffe
1432 2109 1477 2194 (5
1638 2197 1641 2204 .

69 2201 128 2276 des
142 2197 386 2276 Paradaates·
413 2201 685 2300 Audiorhujus
698 2200 830 2300 scripti
849 2199 1098 2295 Lelevcllus,
1124 2205 1230 2302 quod
1245 2206 1391 2285 deinde
1416 2230 1476 2282 re·

69 2298 192 2377 cusum
207 2301 343 2376 evolvi
358 2303 398 2376 in
414 2301 495 2394 eius
511 2301 647 2378 Tomo
662 2326 805 2400 quarto
822 2300 950 2396 operis
976 2300 1092 2380 Paris.
1111 2299 1229 2399 1698.
1245 2327 1304 2384 12·
1323 2306 1475 2401 vulgati

69 2399 283 2477 subtit'ulo:
307 2397 349 2474 la
368 2395 592 2500 Philofhphie
610 2401 776 2478 maderet
787 2423 862 2500 ppt·
875 2397 1080 2480 demandes
1100 2403 1142 2490 (d
1164 2401 1348 2502 alpensis.
1374 2403 1475 2482 Non

69 2501 202 2578 dubito
214 2502 386 2576 eundem
398 2497 623 2596 scriptorem
649 2499 863 2579 livoluillet
882 2506 1054 2599 ingenue
1073 2505 1279 2598 ingenium
1294 2505 1476 2582 intende·

67 2625 133 2693 rc,
160 2603 328 2678 meliora
351 2602 468 2676 etiam
494 2597 660 2680 scribere
682 2599 849 2696 potuisse
870 2625 943 2698 pro
961 2601 1157 2682 Cicerone
1184 2603 1432 2682 defendendo
1459 2655 1475 2696 ,

68 2727 175 2794 quam
187 2701 271 2800 haec
283 2703 420 2798 quein
435 2702 589 2780 litteras
602 2699 703 2780 misit
720 2726 764 2778 ut
776 2703 1050 2794 eiusdosirinae
1067 2704 1314 2784 detraheret.
1343 2704 1475 2801 Atque

66 2802 162 2877 idem
178 2827 264 2876 non
287 2801 428 2879 dubito
448 2799 639 2880 affirmare
654 2804 834 2882 etiamdc
850 2801 1057 2882 clariffimo
1077 2805 1205 2897 Viro,
1228 2806 1346 2904 quiin
1371 2805 1476 2882 Auis

67 2895 398 2996 Philosophorum
412 2902 654 2981 Germanice
665 2905 782 2980 editis
798 2925 908 2998 parte
921 2903 993 2980 IX.
1006 2931 1042 3000 p.
1056 2899 1229 3002 441.soq.
1244 2901 1476 3000 singillatim

68 2999 268 3078 Ciceronis
288 3000 413 3078 officia
438 3027 566 3107 nuper
587 3003 908 3098 reprehendenda
921 3000 990 3080 libi
1014 3001 1172 3082 sumfit.
1198 3006 1306 3106 Quid
1325 3005 1367 3080 ni
1382 3025 1477 3083 veto

65 3102 313 3196 reprehendit
342 3105 410 3180 ille
434 3107 568 3201 potius
586 3102 751 3181 mulleos
776 3099 1008 3198 scriptores,
1034 3105 1102 3200 qui
1122 3107 1228 3181 inter
1247 3102 1475 3182 Germanos

65 3201 260 3278 nostros&
273 3205 420 3280 medios
435 3201 681 3283 Christianos
700 3206 821 3300 longe
842 3206 1016 3281 deterius
1039 3227 1156 3302 quam
1168 3203 1315 3294 Cicero
1337 3204 1488 3304 aliquis¹

66 3303 122 3376 rel
139 3298 259 3378 Plato
279 3302 641 3401 philosophantur,
665 3304 703 3381 dt
723 3305 836 3380 nulla
853 3299 950 3382 salia
971 3303 1478 3393 mentionehumanitatis‚

64 3399 358 3500 communisque
374 3405 484 3504 juris,
498 3401 1482 3503 adquoddiuinitmconditosnocelsepulchrepro·

63 3497 378 3602 liteturCicero‚
404 3507 825 3602 nullamaliamlegem
840 3505 1266 3604 naturademadlionum
1289 3502 1482 3579 humant·

62 3623 152 3674 rum
173 3599 425 3700 agnoscunt,
449 3631 565 3705 quam
584 3605 795 3700 {jubentem
814 3601 944 3682 fecere
966 3629 1053 3702 quae
1078 3604 1349 3682 conditionem
1368 3623 1479 3678 tuam

62 3699 295 3798 perficiant,
319 3709 661 3806 &omittetequae
680 3708 917 3785 deteriorem
940 3705 1104 3808 reddant
1130 3753 1145 3796 ,
1169 3697 1407 3798 finguntque
1430 3700 1481 3777 ad

60 3825 150 3878 eam
168 3827 240 3878 nos
252 3805 418 3904 obligari
429 3811 548 3884 etiam
564 3805 727 3904 sepofica
738 3803 944 3899 Maiestate
956 3803 1170 3882 Numinis:
1186 3795 1484 3899 'quihucposrtis

61 3903 267 3998 principiis
291 3914 416 4006 quale
431 3907 554 3984 scelus
574 3905 655 4002 lie,
675 3907 782 4003 quod
809 3905 1186 3983 strenuecommitti
1211 3925 1296 3978 oon
1322 3897 1435 3998 poffit
1464 3952 1483 3995 ,

59 4001 170 4077 haud
186 4005 299 4084 tideo
308 4037 327 4106 ,·
355 4011 651 4106 namctiamqui
662 4005 731 4085 sabi
743 4011 802 4085 vel
818 4007 885 4105 qui
900 4008 1015 4082 alteri
1026 3999 1230 4082 consciscit
1242 4025 1411 4096 necem,
1422 4000 1482 4093 ju·

58 4102 167 4178 dicet
184 4100 472 4204 seamplificare
490 4111 765 4187 conditionem
782 4103 918 4199 suam,
944 4107 983 4182 δι
1004 4104 1292 4202 quiambitioni
1304 4103 1392 4180 litat
1411 4121 1484 4178 aut

58 4204 262 4298 avaritiae,
291 4216 351 4289 rel
379 4212 446 4322 qui
473 4211 654 4307 indulget
682 4202 951 4305 voluptatibus
976 4205 1087 4303 „qui
1111 4205 1277 4284 vindilia
1302 4205 1486 4280 animum

59 4298 181 4378 suum
196 4303 349 4406 puscit,
370 4312 529 4410 egregie
538 4307 759 4410 ficohsequi
784 4328 976 4405 praeccpto
992 4306 1369 4384 naturzridehitur.
1398 4301 1487 4379 Lex

58 4425 198 4478 autem
214 4431 461 4488 naturaenon
477 4411 802 4508 querendarum
818 4433 891 4502 eo,
915 4429 960 4484 ut
974 4408 1204 4486 felicitatem
1215 4404 1335 4484 nohis·
1346 4398 1490 4478 seden—

57 4505 150 4578 dam
169 4513 366 4607 praecipiat
379 4565 393 4608 ,
421 4535 512 4590 uam
534 4507 949 4605 inhoc-uulluspotell
970 4499 1046 4584 effe
1068 4527 1201 4602 mcor,
1229 4506 1339 4583 nulla
1363 4498 1489 4576 trans·

10 4659 11 4668 r
57 4601 236 4704 millo,
258 4635 386 4713 neque
400 4615 487 4712 lepe
507 4615 561 4694 ad
582 4615 805 4708 hoc-opus:
833 4605 1214 4798 ssd-‘1⁰011’2ff01112
1234 4600 1491 4780 arb-genffirehuc
