3668 5360
410 326 488 428 248
655 411 658 420 ⁴
785 324 824 402 V
874 323 894 400 1
946 319 1305 402 R·G·1'L·1
1357 322 1409 402 1·

364 453 532 530 tinentia
555 450 633 548 (a)
648 450 903 548 ¹virgiliana,
927 451 1134 528 Chalcidio
1149 449 1419 528 Grammatico
1434 443 1605 542 dicatur,
1633 452 1785 532 audior

362 550 654 630 elisaeam.
681 553 776 626 item
800 547 907 645 Jaair'
928 549 1151 643 Philargyrii
1175 547 1195 640 (
1197 549 1248 646 b)
1268 550 1617 626 commentariolus
1641 552 1683 628 in
1703 552 1784 628 Bu.

361 653 483 729 colica
507 652 544 728 ἀ
568 651 761 746 Georgica
791 650 949 746 Virgilii
974 651 1021 724 ad
1050 649 1396 724 Valentinianum.
1423 640 1679 732 Paris-1600.
1705 649 1780 726 sol.

358 747 508 827 Praeter
534 754 655 826 vitam
676 749 834 844 Virgilii
862 749 1018 824 brevem
1049 743 1157 840 prosa
1180 743 1360 840 scriptam
1386 745 1590 839 {Servio,
1617 751 1655 824 ἃ
1681 752 1783 826 alte·

283 841 303 858 “’
362 872 444 924 ram
471 852 726 944 prolixiorem
749 851 928 941 auclore,
955 872 999 923 ut
1027 847 1223 938 creditur,
1251 845 1431 937 Donato,
1459 850 1712 940 praemittitur
1742 851 1783 926 ἀ

362 950 477 1026 tertia
501 947 640 1024 afara
667 945 712 1038 (c
730 949 745 1042 )
760 945 1034 1022 Grammatico
1057 945 1165 1022 urbis
1182 945 1323 1022 Romae
1346 943 1486 1039 scripta
1513 945 1680 1024 verfibut
1696 947 1785 1026 He·

362 1045 638 1137 xametrit,sed
666 1049 825 1122 murila.
853 1046 1124 1132 snbjiciuntur
1148 1047 1315 1141 denique
1338 1049 1423 1120 loca
1446 1046 1570 1124 malta
1585 1047 1712 1122 Servii
1739 1051 1782 1122 in

361 1147 441 1222 a&
459 1169 492 1222 2.
512 1145 705 1222 AEneidot
738 1143 914 1221 restituta
942 1137 979 1220 dt
1005 1145 1242 1240 locupletata
1279 1167 1328 1222 ex
1352 1141 1493 1238 infigar
1523 1145 1607 1226 MS.
1632 1145 1783 1226 Codice

364 1243 579 1324 Fuldenst.
607 1245 794 1340 Repetite
821 1243 900 1320 haec
924 1246 1046 1320 editio
1075 1239 1245 1319 Genevae
1273 1242 1376 1318 1610.
1409 1243 1510 1320 1620
1544 1245 1581 1321 dc
1610 1244 1716 1340 1636.
1744 1266 1782 1341 4.

364 1343 469 1424 Cum
495 1345 786 1422 commentariis
799 1343 922 1420 Servii
937 1342 1011 1437 (ex
1025 1339 1199 1420 Salmasti
1213 1342 1251 1418 ὅ(
1267 1343 1355 1420 Nic.
1365 1337 1517 1420 Heinsti
1533 1343 1658 1424 Codd.
1673 1346 1783 1424 calli·

390 1448 482 1538 ati,
522 1441 584 1521 sed
619 1444 723 1520 haud
755 1437 845 1519 sane
869 1445 1050 1538 integri)
1072 1443 1108 1518 dc
1140 1443 1368 1536 variorum,
1408 1467 1570 1522 curante
1585 1443 1780 1524 Cornelio

360 1469 618 1634 §chretelim
646 1540 929 1638 Amll.1646.4.
945 1542 1050 1622 Cum
1075 1545 1178 1617 noris
1201 1542 1284 1618 inte
1314 1543 1363 1616 tit
1376 1541 1499 1619 Servii
1524 1591 1537 1634 ,
1573 1541 1780 1644 Philargy-

360 1643 439 1736 cii‚
467 1667 538 1718 nec
561 1667 641 1716 non
661 1640 778 1720 Pierii
804 1645 916 1718 variis
939 1642 1198 1732 lectionibus,
1223 1640 1261 1716 ἀ
1283 1565 1426 1722 selectis
1449 1647 1782 1732 annotationibus

358 1740 540 1834 Donati,
569 1739 711 1836 Probi,
740 1739 916 1835 Nannii,
941 1741 1099 1834 Sabini,
1125 1737 1514 1835 Germani,Cerdae,
1542 1741 1780 1822 Taubman·

358 1844 399 1917 ni
425 1843 687 1939 aliorumque,
725 1840 865 1938 quibus
886 1842 1075 1918 accedunt
1089 1836 1391 1920 Observationes
1407 1839 1540 1940 Jacohi
1556 1843 1783 1942 Emenell'ri,

359 1941 396 2022 δί
414 1940 530 2017 index
555 1942 781 2018 luculentus
798 1941 944 2017 Valerii
962 1938 1156 2034 Erythrai
1186 1961 1253 2033 pet
1270 1939 1423 2016 Aaron.
1435 1942 1601 2019 Mariam
1619 1943 1778 2023 Baffuna

359 2029 680 2117 Cremonensem
695 2040 853 2115 libris&
871 2037 1039 2116 verfibur
1063 2037 1361 2132 accomodatus,
1388 2037 1544 2118 insertis
1568 2067 1666 2138 quor
1690 2041 1780 2120 Bas·

361 2137 434 2241 sua·
449 2137 633 2217 omiserat
649 2137 845 2233 Erythraei
870 2141 999 2230 notis,
1026 2134 1237 2232 Lugd.Bat.
1248 2136 1285 2212 ἀ
1301 2135 1423 2214 Arnst.
1435 2134 1538 2218 1680.
1553 2141 1676 2218 tribur
1702 2145 1779 2220 vol.

360 2261 553 2316 contextu
570 2238 727 2334 Virgilii
750 2261 798 2314 cx
821 2233 1181 2314 edit.Nic.1·Ieinfii
1204 2235 1411 2332 castigato.
1778 2301 1781 2308 .

407 2337 477 2413 Vl.
508 2337 712 2418 Editiones
749 2338 947 2432 praecipuae
985 2333 1064 2411 stne
1098 2337 1389 2428 loommentaris
1430 2359 1643 2433 veterum,
1707 2366 1776 2432 pec

364 2439 534 2514 recentis
559 2439 687 2514 artatis
711 2436 812 2512 viros
833 2436 963 2514 dodon
989 2431 1186 2512 recenfira
1210 2456 1327 2532 atque
1360 2436 1567 2534 illustrata⁴
1597 2439 1656 2516 ha
1698 2437 1779 2518 scre

364 2533 481 2615 sunt:
510 2537 717 2615 *Venere
749 2555 862 2632 1470·
888 2587 904 2630 ,
937 2534 974 2610 δι
1005 2550 1106 2631 1472.
1131 2527 1200 2614 fol.
1227 2536 1291 2612 cui
1320 2539 1501 2630 cataledla
1523 2541 1695 2713 primssnm
1724 2566 1781 2618 ae·

1567 2663 1608 2718 ce
1640 2663 1735 2733 ere,

358 2783 460 2852 laudat
480 2791 579 2865 lupus
596 2781 776 2850 Fe'trariensts
797 2779 887 2862 Epill.
908 2804 955 2851 ao.
974 2783 1007 2848 δε
1025 2785 1126 2861 34·vel
1146 2803 1184 2849 err
1201 2783 1242 2842 Μ.
1264 2781 1332 2850 val.
1346 2781 1443 2848 Probo
1464 2777 1590 2861 aliisque
1617 2791 1780 2862 excerpta:

359 2862 476 3006 {gost}
494 2867 559 2943 qur't
580 2861 616 2925 de
632 2863 863 2940 commentariis
890 2861 920 2926 in
941 2862 1018 2930 alios
1036 2869 1139 2928 l’oetat
1155 2861 1250 2927 Probo
1275 2862 1395 2926 tributis
1424 2855 1560 2924 Barthioc
1591 2871 1624 2936 ρ.
1645 2876 1711 2932 51⁴·
1727 2861 1785 2939 serr.

412 2963 460 3004 rer
474 2961 516 3003 at.
1167 2979 1170 2985 ,

401 3022 470 3098 (a)
488 3021 671 3080 continentia
692 3020 841 3096 maratana
870 3014 928 3082 hoe
958 3019 1030 3084 loco
1059 3038 1143 3084 treta:
1165 3017 1283 3094 crotala
1302 3013 1357 3079 hrt
1395 3035 1603 3096 argumentum
1625 3013 1680 3080 Vir
1704 3017 1783 3082 iliani

358 3097 507 3175 poematis
527 3095 546 3159 ss
568 3097 725 3160 moraliter
744 3098 790 3160 vtl
811 3095 972 3174 allegorice
993 3113 1149 3174 exponas.
1181 3105 1217 3160 ln
1236 3095 1383 3159 Vaticano
1403 3091 1516 3160 Codice
1545 3095 1601 3156 viti
1634 3093 1675 3160 do
1708 3097 1716 3158 i
1746 3113 1782 3156 rt-

358 3174 472 3240 llaotur
494 3174 572 3242 hanc
594 3175 621 3240 sc
642 3172 771 3252 reperisse
795 3174 1046 3254 inscriptionem:
1063 3175 1173 3234 fallas
1191 3177 1304 3234 alacrus
1332 3176 1366 3235 de
1384 3177 1535 3252 fulgentio
1553 3175 1672 3238 noram
1693 3172 1784 3250 capai-

356 3259 397 3314 m
414 3257 563 3332 largitam
585 3256 774 3321 corroserit.
795 3254 891 3316 Prima
911 3250 1003 3317 edttio
1025 3251 1112 3328 hujus
1130 3251 1224 3316 libelli
1240 3248 1303 3321 est,
1322 3269 1410 3331 quam
1420 3261 1456 3316 Α.
1475 3251 1783 3323 tramllietotncon»

358 3330 589 3398 melinusdedit
617 3351 656 3404 ca
673 3332 801 3420 officina
820 3339 902 3396 sant.
922 3331 1079 3396 Andreaoa
1110 3331 1138 3394 in
1170 3340 1197 3396 8.
1227 3327 1358 3420 suhieslo
1370 3336 1459 3467 (aare
1485 3331 1654 3410 narragam·
1682 3330 1783 3394 reatris

289 3417 291 3422 '
359 3412 556 3486 Gramnratici¹
577 3412 607 3475 in
626 3410 764 3474 Bucolica
783 3413 817 3472 dc
836 3410 983 3488 Georgica
1008 3409 1127 3490 virgilii
1150 3425 1366 3474 commentarto
1381 3428 1428 3480 o,
1460 3407 1560 3469 Fulvii
1581 3407 1690 3482 vrfial
1704 3407 1785 3471 calli·

358 3489 535 3568 gationihur
554 3492 587 3553 in
608 3492 737 3550 Servium
757 3485 793 3552 ad
823 3485 932 3568 Virgil.
951 3487 1038 3552 Velio
1056 3495 1162 3567 Longo
1193 3487 1229 3550 de
1252 3484 1479 3564 orthographia
1507 3484 1541 3549 dr
1558 3483 1726 3552 Calliodori
1752 3485 1785 3550 de

357 3565 592 3647 Otrhographia
612 3566 714 3639 libro,
735 3585 804 3632 cum
824 3563 1066 3643 castigationibus
1083 3563 1270 3630 commelini
1291 3605 1303 3638 ‚
1332 3565 1383 3643 qui
1403 3567 1446 3642 ‚in
1465 3570 1577 3643 Longo
1601 3563 1786 3630 entendando

358 3639 467 3711 sacchar
486 3647 515 3709 se
534 3645 669 3720 adjutum
691 3663 780 3726 opera
799 3644 940 3712 Francisci
960 3646 1062 3724 Junil.
1084 3645 1235 3724 Fulgentii
1256 3641 1393 3708 libellum
1416 3640 1516 3708 eodem
1543 3661 1625 3733 atgrro
1645 3664 1716 3708 cum
1725 3651 1787 3722 Ha·

379 3725 438 3789 ino
456 3721 580 3804 aliisque
600 3726 652 3788 lul
675 3725 748 3787 entii
771 3720 826 3798 (de
847 3723 957 3802 quibus
977 3722 1053 3787 insta
1074 3723 1123 3786 lib.
1136 3723 1219 3798 tv.)
1242 3721 1359 3796 scriptis
1376 3721 1410 3784 δι
1430 3721 1551 3786 albrico
1573 3741 1674 3786 tttrum
1696 3722 1786 3788 edidit

370 3801 568 3892 monmeliant
590 3801 620 3866 ita
645 3743 674 3865 ἕ
697 3802 929 3892 Deniqueul‘ho.
942 3801 1172 3892 Murrcllertrsy.
1184 3800 1222 3861 C.
1243 3802 1326 3864 notia
1348 3797 1602 3889 suisqillustrarura
1632 3801 1733 3867 erudi
1749 3801 1786 3868 sc·

353 3897 397 3944 ert
422 3882 503 3943 inter
528 3879 559 3936 Μ
584 3879 771 3960 tlrographos
791 3879 905 3942 latmos
923 3873 1134 3944 amstelodami
1159 3887 1280 3942 adam·
1372 3943 1385 3954 ,
1438 3889 1446 3926 l
1493 3883 1496 3897 '
1641 3903 1648 3920 t
1674 3950 1677 3956 ,

398 3957 461 4033 (b)
484 3895 625 4043 'Baitgiut
644 3963 721 4024 xlx.
735 3954 1030 4025 a.Adversar·verum
1053 3957 1138 4032 hujus
1159 3973 1267 4022 noman
1289 3952 1369 4022 haiala
1408 3957 1787 4039 cmttndlt'mlaegmn,

338 4049 521 4102 occurrent
543 4035 619 4099 inter
642 4037 812 4100 lervilia'in
837 4034 944 4100 tesseris
965 4037 1096 4115 vulgatis
1114 4035 1151 4100 ab
1170 4031 1251 4098 aldo
1269 4035 1304 4096 δι
1325 4035 1475 4103 illtrslraris
1491 4035 1513 4102 d
1528 4039 1671 4119 Pignorio
1693 4039 1789 4107 llbzde

353 4113 452 4181 servis
473 4113 506 4178 dr
528 4107 710 4178 Thornafino
730 4114 765 4180 de
786 4112 892 4178 calletis
912 4112 1130 4190 hospitalitatis
1147 4161 1154 4178 .
1185 4111 1301 4176 Mentio
1321 4133 1418 4179 tamen
1439 4116 1528 4180 edam
1547 4116 1691 4182 hasarth
1721 4119 1787 4182 Phi-

354 4190 486 4274 largyrii
506 4190 590 4268 apud
607 4190 747 4256 isidorum
766 4193 942 4270 Hispalim
959 4195 1154 4273 r.Orig.cap.
1174 4212 1212 4259 ar.
1228 4191 1273 4254 lta
1316 4193 1425 4259 ericio
1448 4212 1557 4261 nomen
1578 4193 1709 4260 ments
1728 4197 1788 4262 sol·

353 4273 498 4342 licitare,
521 4274 605 4344 cuiue
625 4270 894 4336 breviadc'erudita
914 4269 1025 4336 scholia
1049 4277 1194 4336 neminem
1214 4269 1274 4347 legi
1297 4289 1314 4333 e
1333 4273 1510 4364 poenitebit·
1534 4287 1573 4339 At
1593 4275 1623 4337 in
1644 4277 1696 4352 lo.
1713 4277 1791 4340 ilal-

354 4346 500 4414 lettordi
514 4349 699 4413 Bibliotheca
721 4351 839 4414 curiosa
858 4369 964 4426 patna.
986 4351 1036 4416 uhi
1056 4351 1140 4431 Jtrnt'i
1162 4348 1341 4428 philargyria
1375 4370 1453 4414 nora
1482 4352 1522 4415 ad
1540 4353 1692 4418 Catonem
1718 4357 1792 4418 Var-

350 4451 385 4494 ro
399 4447 466 4490 nem
490 4429 522 4491 dr
542 4428 746 4509 Columellam
768 4425 803 4490 de
824 4445 851 4488 te
872 4429 976 4492 rullica
995 4447 1197 4494 memorantur
1217 4426 1329 4494 excusa
1350 4438 1439 4494 Ronn
1460 4439 1544 4506 arar.
1570 4441 1597 4497 a.
1619 4450 1679 4512 pro·
1693 4435 1792 4514 Junio

364 4505 555 4585 philargyria
575 4509 673 4571 aalma
692 4504 793 4574 Urfirti
817 4525 928 4570 nomen
949 4507 1164 4588 reponendum.

364 4585 470 4744 eqlc)
488 4588 588 4662 Huius
606 4593 690 4654 Fece
711 4583 767 4652 ire
786 4583 890 4658 rhoea
909 4605 1004 4654 artem
1022 4590 1097 4658 incer
1115 4585 1338 4656 mmmmm
1356 4585 1624 4660 :didrachma
1654 4608 1684 4672 ρ.
1702 4599 1796 4674 addai

353 4743 366 4785 s
